2370 3924
91 235 156 302 214
421 232 467 296 m
483 231 575 296 VAL.
591 231 818 294 muamus

575 383 653 446 LIX

176 501 211 562 ln
225 499 330 581 Septia
344 500 501 559 Mamurra
516 498 569 559 diu
583 497 773 576 multumque
788 505 937 579 vagatus,

219 584 279 644 liic
294 584 347 643 uhi
362 583 459 643 Roma
472 603 542 643 suas
557 601 649 643 aurea
662 587 752 642 renat
765 601 860 662 opes,

175 668 313 748 Inspexit
328 665 438 728 molles
451 686 566 747 pueros
581 665 742 745 oculisque
757 665 913 739 comedit3

218 752 288 812 Non
302 752 375 828 hos,
395 770 471 829 qnos
486 753 603 831 primae
617 752 809 831 prostituere
824 769 934 829 casae,

152 834 241 899 aSad
257 854 334 914 quos
348 853 478 894 arcanae
493 841 617 895 servant
631 833 767 894 tabulata
780 841 919 896 catustm

218 919 262 980 Iit
277 937 353 997 quos
367 937 429 978 non
443 917 592 999 populus,
612 936 672 978 nec
685 936 753 978 mea
769 920 862 979 turha
875 918 972 982 videt

177 1001 354 1062 lude-satur
368 1019 489 1062 mensas
504 1009 537 1062 et
551 1009 679 1081 opertos
694 1003 779 1061 exuit
793 1004 889 1063 orbes

219 1087 461 1165 Expositumque
479 1085 542 1146 alte
556 1088 671 1167 pingue
684 1087 830 1165 poposcit
844 1087 944 1165 ebur,

177 1169 219 1231 llt
232 1169 441 1229 testudineum
459 1189 582 1230 mensus
597 1174 707 1248 quater
721 1165 909 1231 hamelinon

137 1253 795 1332 mmmmmmmm

178 1337 339 1398 Consuluit
355 1356 463 1415 nares,
484 1357 523 1397 an
538 1338 663 1399 olerent
677 1354 749 1397 aera
763 1336 945 1399 Corinthun

219 1420 363 1501 Culpavit
376 1427 491 1482 statuas
508 1428 557 1498 et,
573 1420 834 1501 Polyclite„tnas

175 1504 217 1565 Et
232 1508 355 1565 turbata
370 1506 458 1566 brevi
475 1512 602 1583 questus
617 1503 796 1585 crystallina
809 1506 891 1566 vitro

219 1590 361 1649 Murrina
374 1591 505 1668 signavit
519 1596 719 1669 seposuitque
734 1587 850 1649 decem.

135 1671 332 1752 lollxpendit
345 1679 469 1732 veteres
488 1671 625 1733 calathos
641 1680 674 1732 et
687 1673 715 1732 si
730 1692 789 1752 qua
803 1673 935 1733 luerunt

217 1755 334 1816 Pocula
347 1757 513 1817 Mentorea
526 1755 691 1817 nobilitata
704 1776 811 1833 manu,

174 1840 216 1900 Et
229 1839 344 1899 virides
359 1842 443 1920 picto
460 1859 593 1920 gemmas
609 1842 781 1900 numeravit
795 1841 827 1899 in
843 1860 938 1919 auro,

218 1922 375 2002 Quidquid
390 1931 423 1984 et
438 1945 454 1983 a
467 1927 556 1985 nivea
570 1923 716 2004 grandius
732 1943 806 1983 aure
821 1931 920 1986 sonat.

175 2006 390 2087 Sardonychas
404 2027 495 2068 veros
510 2028 616 2068 mensa
632 2010 783 2087 quaesivit
799 2009 832 2068 in
848 2009 933 2069 omni

132 2100 167 2152 20
215 2092 256 2151 Et
270 2093 404 2170 pretinm
419 2095 536 2171 magnis
551 2094 627 2153 fecit
641 2092 818 2172 iaspidibus.

173 2174 344 2236 Undecima
356 2176 456 2236 lassus
471 2197 537 2236 cum
552 2179 613 2237 iam
628 2176 806 2236 discederet
820 2179 897 2237 hora

217 2261 294 2320 Asse
311 2259 387 2320 dnos
404 2259 517 2321 calices
532 2263 607 2321 emit
623 2266 654 2319 et
668 2262 736 2340 ipse
749 2259 832 2321 tulit.

577 2395 640 2457 LX.

175 2489 237 2548 Seu
253 2495 287 2548 tu
301 2490 460 2549 Paestanis
475 2494 580 2568 genita
594 2512 628 2553 es
648 2512 703 2553 seu
718 2493 845 2553 Tiburis
861 2493 963 2572 arvis,

216 2572 279 2632 Seu
291 2573 397 2632 rubuit
412 2573 505 2634 tellus
523 2575 659 2636 Tuscula
672 2579 752 2637 flore
766 2583 840 2650 tuo;

173 2656 235 2715 Seu
248 2656 453 2719 Praenestino
467 2665 500 2718 te
514 2657 605 2719 vilica
619 2658 698 2739 legit
712 2663 745 2720 in
759 2662 868 2737 horto,

215 2740 278 2801 Seu
294 2740 385 2802 modo
401 2744 547 2823 Campani
563 2745 660 2822 gloria
677 2746 758 2804 ruris
773 2764 857 2804 eras:

150 2823 339 2886 5Pulchrior
352 2835 387 2886 ut
401 2835 507 2887 nostro
522 2828 648 2888 videare
664 2848 778 2888 corona
793 2828 923 2904 Sabino,

213 2910 260 2970 De
274 2910 466 2971 Nomentano
481 2918 514 2970 te
528 2917 617 2990 putet
634 2930 703 2972 esse
717 2914 795 2972 meo.

571 3044 649 3108 LXI.

169 3137 203 3198 ln
221 3138 426 3200 Tartessiaois
442 3140 548 3211 domus
563 3148 611 3202 est
625 3145 784 3204 notissima
798 3144 910 3221 terris,

215 3223 282 3299 Qua
298 3223 383 3283 dives
398 3222 552 3303 placidum
569 3226 714 3287 Corduba
726 3228 837 3287 Baetin
853 3231 934 3288 amat

169 3304 298 3367 Vellera
311 3308 413 3367 nativo
428 3308 550 3390 pallent
564 3312 616 3371 ubi
632 3312 708 3370 flava
723 3311 846 3372 metullo

209 3390 252 3451 Et
264 3388 337 3450 linit
352 3391 539 3473 Hesperium
552 3397 678 3455 bractea
694 3397 761 3455 viva
776 3414 891 3474 pecus3

147 3472 307 3534 5Aedibus
321 3476 354 3535 in
368 3477 478 3538 mediis
494 3485 577 3540 totos
591 3477 730 3559 amplexa
744 3486 876 3560 penates
