2370 3924
273 187 613 250 EPIGRAMMATON
623 191 697 253 LlB.
711 193 788 254 Vlll.
982 190 1052 254 ,195

468 388 589 451 LXXV.

93 502 174 560 Dum
194 501 310 580 repetit
327 518 398 560 sera
412 500 580 561 conductos
595 508 688 562 nocte
702 509 832 583 penates

135 584 293 662 Lingonus
309 603 327 643 a
340 583 440 643 Tecta
454 582 667 664 Flaminiaque
681 604 807 665 recens,
909 630 912 637 -

90 665 222 748 Expulit
236 667 354 747 offenso
372 668 511 728 vitiatum
523 666 640 748 pollice
655 667 750 729 tulum

135 752 179 813 ut
195 751 289 810 iacuit
303 756 370 810 toto
386 770 517 831 corpore
532 753 617 811 fusus
631 753 725 814 humi.

66 834 178 912 aquid
194 834 313 895 faceret
328 832 451 911 Gallus,
473 855 533 914 qua
546 853 580 895 se
595 836 716 896 ratione
731 839 892 898 moveret?

135 919 258 997 Ingenti
275 916 398 977 domino
413 917 555 979 servulus
568 938 647 980 unua
662 926 746 998 erat,

93 1001 173 1062 Tem
184 1020 302 1078 macer,
324 1005 359 1060 ut
373 1003 526 1062 minimam
542 1009 650 1083 posset
663 1005 712 1064 vix
728 1004 815 1064 ferre
828 1002 1005 1065 lucernam:

137 1085 300 1145 Succurrit
312 1086 427 1144 misero
443 1105 530 1146 casus
550 1104 702 1165 opemque
716 1087 799 1151 tulit.

96 1169 248 1245 Quattuor
262 1169 406 1247 inscripti
420 1171 586 1247 portabant
599 1167 661 1229 vile
677 1169 821 1250 cadaver,

56 1253 88 1308 10
133 1253 259 1332 Accipit
271 1251 382 1311 infelix
397 1250 499 1330 qualia
513 1251 599 1312 mille
613 1272 717 1331 rogus.

95 1333 159 1396 Hos
174 1354 277 1396 comes
290 1333 441 1395 invalidus
456 1338 615 1399 summissa
626 1355 702 1396 voce
717 1344 878 1417 precatur,

133 1419 179 1480 Ut
195 1437 379 1499 quocunque
392 1418 505 1497 velint,
529 1439 641 1500 eorpus
655 1420 747 1480 inane
761 1421 871 1482 ferant.

10 1572 13 1585 Ι
94 1497 293 1564 Permutatur
308 1521 384 1562 onus
397 1504 571 1582 stipataque
585 1502 707 1563 tollitur
721 1502 783 1564 alte

135 1586 272 1647 Grandis
287 1587 320 1645 in
335 1592 462 1664 angusta
476 1589 596 1647 sarcina
610 1585 777 1667 sandapila.

49 1661 152 1730 1⁵fflc
167 1671 244 1730 mihi
259 1669 298 1729 de
313 1668 418 1730 multis
432 1689 527 1748 unus,
544 1671 685 1747 Lucane,
706 1670 846 1747 videtur,

135 1754 195 1813 (lui
209 1755 321 1814 merito
337 1753 399 1813 dici
414 1761 557 1831 „mortue
573 1752 686 1816 Gulle“
702 1761 815 1834 potest.

467 1888 602 1950 LXXVI.

18 1998 758 2162 c¹1³1¹{titiluiltttitttlti

12 2161 79 2223 Si
96 2185 147 2224 a:
162 2173 194 2225 et
208 2185 277 2226 cum
291 2167 405 2225 recitas
420 2174 489 2227 tuos
504 2165 648 2245 libellos,

10 2241 110 2307 ut
149 2249 424 2327 causom'quotiens
440 2251 504 2328 ugia
518 2249 655 2328 clientis,

10 2331 189 2411 Oros,
212 2331 348 2410 Gallice,
370 2351 419 2392 me
436 2351 587 2411 rogasque
602 2351 734 2413 semper.

10 2415 208 2476 Durum
223 2422 272 2476 est
286 2434 335 2475 me
349 2417 423 2494 tibi,
445 2416 527 2495 quod
540 2417 638 2496 petis,
657 2435 781 2496 negare.

11 2497 382 2578 ie10veriusergo
399 2499 473 2580 quid
489 2500 546 2577 sit,
568 2500 654 2560 audi:

21 2577 226 2662 terum,
248 2582 385 2661 Gallice,
408 2604 470 2644 non
484 2583 622 2644 libenter
639 2582 734 2646 audis.

455 2716 604 2779 LXXVII.

60 2818 204 2908 biber,
224 2828 389 2888 amicorum
404 2825 581 2886 dulcissima
596 2835 820 2905 cornuorum,

128 2905 247 2989 Liber,
268 2913 301 2971 in
316 2917 443 2970 aeterua
457 2911 561 2970 vivere
577 2909 670 2989 digne
684 2929 770 2987 rosa,

93 2983 131 3059 §l
143 2997 239 3076 sapis,
262 2996 389 3074 Assyrio
406 3013 529 3075 semper
542 2995 601 3054 tibi
616 2995 710 3054 crinis
727 3013 842 3053 amomo

143 3076 307 3160 Splendeat
320 3086 353 3138 et
370 3080 494 3157 cingant
507 3079 604 3138 florea
619 3085 703 3138 serta
718 3085 825 3157 caput3

95 3154 233 3243 geendido
248 3166 424 3242 nigrescant
438 3161 543 3223 vetulo
561 3161 707 3241 crystalla
722 3162 858 3222 Falerno

140 3245 176 3312 ut
189 3246 290 3308 caleat
305 3245 419 3307 blando
435 3246 536 3307 mollis
553 3264 656 3306 amore
671 3251 767 3305 torus.

65 3366 69 3375 ·
110 3330 156 3415 Qui
169 3334 215 3393 sio
228 3331 279 3392 vel
294 3330 395 3391 medio
411 3332 516 3390 finitus
531 3331 606 3389 vixit
619 3331 653 3388 in
669 3348 759 3406 aevo,

135 3416 271 3495 Longior
286 3416 357 3477 huic
369 3414 451 3474 fucta
465 3422 529 3493 est,
551 3432 640 3492 quam
655 3411 725 3472 data
737 3413 882 3556 vitqafpit.
