2370 3924
338 222 680 285 EPIGRAMMATON
693 225 767 287 LlB.
783 227 834 289 lX.
1049 226 1110 293 217

192 379 356 441 Murmure
368 377 428 436 iam
442 395 533 437 saevo
547 379 791 456 verberibusque
805 385 904 444 tonas.

135 464 234 527 5Tam
250 479 342 540 grase
355 463 512 540 persuassi
527 460 689 521 incudibus
705 480 776 521 aera
791 462 958 541 resultant,

195 544 359 608 causidico
373 543 508 604 medium
525 565 592 605 cum
606 546 696 604 faber
710 551 795 624 aptat
809 564 935 624 equum:

151 632 262 693 Mitior
275 631 309 689 in
322 647 431 708 magno
447 628 563 689 clamor
576 629 653 689 furit
668 630 912 708 amphitheatro,

193 715 343 780 Vincenti
357 731 482 793 parmae
497 733 565 772 cum
580 733 634 773 sua
648 715 738 773 turba
752 714 845 775 fauet.

149 799 257 864 Vicini
270 817 408 858 somnum
423 816 486 856 non
500 803 566 857 tota
581 803 675 857 nocte
689 816 848 876 rogamus:

108 895 143 947 10
190 882 268 944 Nam
281 881 409 960 vigilare
424 880 494 941 leue
509 888 574 961 est,
596 880 784 961 pervigilare
800 900 891 960 grave
906 889 963 946 est.

148 964 327 1047 Discipulos
342 964 464 1025 disnittc
479 972 557 1026 tuos.
586 965 659 1044 Vis,
682 963 823 1045 garrule,
845 973 989 1048 quantum

193 1051 320 1130 Accipis
334 1056 370 1109 ut
387 1046 524 1129 clames,
542 1051 733 1131 acciperent
749 1055 875 1112 taceas?

537 1216 644 1278 LXIX.

150 1331 229 1392 cum
246 1330 356 1409 futuis,
378 1327 599 1408 Polycharmo,
621 1328 703 1389 soles
716 1332 749 1390 in
762 1331 825 1390 fine
841 1350 957 1392 cacare.

196 1416 273 1476 cnm
288 1413 478 1494 paedicaris,
502 1412 591 1492 quid,
611 1412 831 1492 Polycharmo,
851 1415 952 1474 facis?

426 1621 429 1628 .
542 1575 635 1636 LXX.

149 1691 281 1752 Dixerat
297 1709 337 1768 „o
351 1687 469 1748 mores!
491 1688 703 1769 otempora!“
733 1685 857 1749 'Pullius
874 1687 963 1769 olim,

140 1807 144 1813 ι
194 1771 386 1852 Sacrilegum
401 1778 539 1833 strueret
554 1792 621 1834 cum
638 1770 771 1833 catilina
785 1774 888 1852 nefas,

149 1861 227 1920 cum
243 1875 340 1935 gener
356 1863 448 1936 atque
464 1876 555 1917 socer
569 1856 646 1916 diris
662 1866 864 1919 concurreret
877 1858 969 1918 armis

193 1943 376 2022 Maestaque
391 1938 474 2001 civili
489 1940 584 2002 caedo
599 1940 740 2001 maderet
753 1941 871 2002 humus,

123 2028 217 2090 bcur
230 2046 311 2087 nnnc
325 2045 366 2105 „o
378 2025 518 2085 mores!“
540 2046 594 2086 cur
611 2045 692 2086 nnnc
707 2045 747 2103 „o
763 2025 937 2106 tempora!“
952 2024 1052 2085 dicis?

194 2110 283 2188 Quod
297 2111 354 2170 tibi
369 2129 432 2170 non
446 2107 583 2189 placeat,
609 2107 801 2186 caeciliane,
822 2109 896 2187 quid
911 2110 981 2169 est‘.l

148 2194 240 2255 Nulla
255 2193 365 2253 dueum
379 2194 506 2270 feritas,
527 2192 611 2252 nulla
627 2200 675 2253 est
688 2193 806 2252 insania
819 2193 915 2267 ferri3

193 2279 273 2339 Pace
286 2279 349 2338 frui
364 2282 451 2339 corta
464 2276 644 2355 laetitiaque
658 2273 744 2336 licet.

151 2362 221 2422 Non
236 2363 337 2422 nostri
351 2362 484 2438 faciunt,
506 2361 565 2421 tibi
580 2359 661 2438 quod
675 2366 728 2419 tua
743 2365 884 2440 tempora
898 2358 1045 2439 sordent,

99 2456 140 2509 10
191 2444 255 2505 Sed
268 2446 386 2506 faciunt
399 2463 518 2524 morea,
541 2445 733 2524 caeciliane,
752 2446 807 2508 tui,
838 2503 844 2519 ,

532 2612 639 2675 LXXI.

148 2726 279 2806 Massyli
291 2726 342 2787 leo
356 2725 438 2784 fama
449 2725 512 2803 iugi
525 2725 710 2804 pecorisque
725 2725 852 2783 maritus

188 2810 335 2888 Lanigeri
349 2810 459 2869 mirum
475 2828 533 2886 qua
548 2808 653 2866 coiere
667 2804 740 2868 fide.

148 2894 218 2974 lpse
232 2893 311 2955 licet
322 2891 444 2970 videas,
467 2909 558 2951 eavea
569 2889 762 2950 stabulantur
778 2890 810 2948 in
823 2908 883 2948 una

189 2979 231 3039 Et
244 2979 364 3058 pariter
379 2979 476 3037 socias
492 2976 591 3055 carpit
606 2981 738 3054 uterque
755 2973 865 3053 dapesc

121 3062 214 3127 sNec
228 3063 297 3121 fetu
311 3080 471 3120 nemorum
487 3059 621 3138 gaudent
635 3078 694 3120 nec
707 3060 832 3119 mitibus
848 3057 972 3135 herbis,

191 3144 386 3207 cnncordcm
399 3145 490 3205 satiat
505 3142 562 3204 aed
575 3143 661 3204 rudis
677 3162 753 3222 agna
769 3143 889 3204 famem.

148 3229 228 3306 Quid
243 3232 357 3289 meruit
372 3236 476 3288 terror
492 3229 641 3304 Nemees,
665 3225 738 3306 qnid
755 3226 898 3306 proditor
913 3222 1041 3302 Helles,

188 3314 232 3374 Ut
245 3315 365 3373 niteant
380 3311 456 3373 celsi
470 3310 574 3373 lucida
589 3314 674 3389 signa
688 3307 779 3390 poli?

146 3396 258 3458 Sidera
272 3400 299 3457 si
312 3402 440 3478 possent
453 3395 652 3478 pecudesque
666 3395 816 3473 feraeque
831 3394 963 3471 mereri,

99 3494 136 3546 10
187 3482 248 3542 Hic
264 3483 345 3542 aries
360 3481 468 3561 astris,
489 3482 541 3542 hic
553 3478 605 3540 leo
624 3478 734 3560 dignus
749 3485 825 3542 erat.
