2346 3938
434 231 479 294 n.
497 212 591 295 vau.
606 231 832 293 umunms

195 385 341 444 Protinus
356 390 409 442 aut
420 382 520 443 Marsi
533 385 647 445 recitas
663 392 715 444 aut
728 387 844 466 scripta
860 384 986 450 Catulli.

238 468 307 528 Hoc
321 468 396 527 milri
412 465 483 545 das,
504 474 650 547 tanquam
666 467 824 530 deteriora
836 469 939 550 legar,

173 553 240 615 aut
254 550 366 612 collata
379 552 475 628 magis
487 552 631 632 placeant
644 555 737 612 mea?
767 553 930 616 Credimus
948 554 1055 618 istud:

237 634 323 697 Malo
337 641 441 699 tamen
453 637 586 714 recites,
606 634 798 717 caeciliane,
819 645 882 702 tua.

575 764 694 825 LXXII.

195 877 353 938 Hesterna
366 876 481 936 factum
496 882 657 954 narratur,
678 877 842 954 Postume,
864 894 942 936 cena

239 959 328 1036 Quod
341 958 460 1020 nollem
478 995 514 1003 -
532 962 601 1040 quis
615 962 698 1020 eninr
716 957 792 1020 talia
805 960 888 1019 iacta
900 959 1043 1040 probet?
1056 991 1100 1005 -

90 1068 97 1080 ·
197 1045 240 1103 0s
254 1044 312 1103 tibi
326 1046 482 1124 percisum
498 1050 611 1124 quanto
629 1064 692 1104 non
705 1044 774 1125 ipse
787 1043 915 1105 Latinus

237 1126 321 1190 Vilia
334 1126 496 1212 Panniculi
509 1130 647 1209 percutit
661 1147 715 1188 ora
729 1147 821 1189 sono:

175 1210 349 1291 5Quodque
364 1214 460 1290 magis
474 1213 585 1272 mirum
600 1218 664 1290 est,
686 1217 844 1273 auctorem
855 1211 994 1280 arlminia
1008 1210 1101 1272 huius

238 1294 408 1358 caecilium
423 1302 490 1356 tota
503 1316 609 1356 rumor
622 1297 656 1356 iu
671 1297 749 1357 urbe
764 1300 861 1357 aonat.

194 1380 273 1441 Esse
288 1399 382 1460 negas
396 1380 526 1441 factum:
546 1381 592 1440 vis
606 1380 666 1440 hoc
678 1397 728 1439 me
744 1379 900 1440 credere?
921 1377 1028 1442 credo.

238 1462 336 1544 Quid,
360 1462 442 1543 quod
455 1465 550 1525 habet
563 1459 679 1542 testes,
699 1464 869 1543 Postume,
886 1461 1066 1524 Caecilius?

566 1596 699 1660 LXXIII.

196 1712 278 1790 Quid
291 1713 385 1773 iaciat
399 1711 464 1774 vult
478 1716 559 1775 scire
574 1714 683 1794 Lyris:
704 1712 787 1793 qnod
800 1713 919 1776 sobria:
939 1710 1041 1774 fellat.
1053 1685 1056 1689 .

566 1847 703 1912 LXXIV.

197 1958 340 2019 (linctum
352 1959 465 2036 togatis
480 1963 551 2038 post
567 1965 601 2019 et
614 1966 686 2020 ante
699 1960 858 2020 Saufeium

196 2042 317 2118 Quanta
327 2040 435 2102 reduci
448 2041 585 2120 Regulus
601 2042 682 2103 solet
694 2045 800 2121 turba,

194 2125 245 2185 Ad
259 2126 320 2185 alta
332 2130 455 2186 tonsum
469 2125 587 2206 templa
599 2147 668 2186 cum
681 2147 769 2188 reum
783 2127 882 2206 misit,

195 2209 357 2288 Materne,
380 2210 505 2269 cernis?
525 2208 666 2269 invidere
680 2211 789 2276 nolito.

175 2295 369 2354 acomitatus
382 2295 442 2353 iste
457 2294 498 2353 sit
512 2314 626 2374 precor
639 2300 710 2353 tuua
724 2313 887 2374 nunqnam.

194 2378 260 2437 Hcs
275 2375 325 2436 illi
340 2379 452 2437 amicos
467 2384 500 2437 et
514 2396 626 2456 greges
640 2383 815 2457 togatorum

195 2459 394 2520 Fuficulenus
408 2467 548 2542 praestat
563 2467 595 2522 et
609 2460 807 2524 Faventinus.

576 2595 698 2658 LXXV.

195 2707 338 2768 Verbera
352 2708 454 2768 securi
471 2706 579 2769 solitus
591 2709 644 2768 leo
658 2710 745 2768 ferre
759 2707 898 2787 magistri

237 2793 449 2871 Insertamque
463 2794 528 2873 pati
541 2791 672 2852 blandus
686 2794 719 2852 in
734 2813 789 2852 ora
805 2810 926 2851 manum

195 2875 354 2936 Dedidicit
367 2896 474 2956 pacem
489 2877 590 2936 subito
606 2877 733 2937 feritate
752 2894 896 2953 reversa,

238 2960 357 3035 Quanta
373 2978 431 3018 nec
445 2962 479 3018 in
492 2958 617 3038 Libycis
634 2959 742 3020 debuit
755 2978 824 3020 esse
840 2959 929 3037 iugis.

173 3040 273 3103 oNam
288 3043 348 3101 duo
366 3041 405 3101 de
422 3048 533 3101 tenera
544 3041 678 3121 puerilia
692 3062 824 3124 corpora
836 3043 945 3121 turba,

62 3122 67 3130 '
238 3125 440 3204 Sanguineam
454 3125 563 3184 rastris
579 3143 656 3204 quae
671 3130 839 3188 renovabat
850 3126 993 3204 humum,

195 3209 308 3269 Sacros
325 3215 359 3268 et
372 3207 482 3269 infelix
494 3206 601 3268 furiali
620 3208 715 3270 deute
728 3211 878 3291 peremit:

236 3293 351 3353 Martia
365 3311 428 3352 non
442 3292 520 3353 vidit
533 3295 629 3353 maius
646 3296 762 3354 harena
775 3296 873 3356 nefas.
1000 3316 1004 3323 ’

194 3374 376 3436 Exclamare
389 3374 484 3436 libetr
505 3376 682 3457 „crudelis,
703 3378 841 3458 perfide,
861 3376 997 3458 praedo,

158 3469 188 3520 [ο
236 3461 264 3518 A
282 3467 389 3520 nostra
403 3462 509 3540 pueris
522 3480 653 3542 parcere
669 3461 754 3522 disce
771 3462 844 3543 lupa
852 3463 882 3522 !“

62 3558 171 3696 5
272 3627 276 3634 ,
