2370 3924
320 238 660 300 EPIGRAMMATON
674 240 747 305 ΗΒ.
763 243 830 307 Vll.
1038 247 1101 316 ldl

138 391 258 455 Audiet
272 391 332 451 hoc
346 409 496 471 praesens
510 398 702 472 venturaque
717 397 824 476 turba,
843 399 941 461 fuisse

89 490 131 543 10
180 474 232 538 llli
245 481 294 555 tc,
315 474 453 535 Senecae
469 473 553 554 quod
566 476 627 536 luit
640 474 697 538 ille
714 498 779 540 suo.

529 640 623 704 XLV.

134 751 276 818 Facundi
291 752 430 813 Senecae
441 758 553 831 potens
569 754 700 832 amicus,

137 840 220 900 Caro
235 838 393 918 proximus
409 842 461 896 aut
474 838 561 916 prior
578 837 713 918 Sereno,

136 924 199 984 Hic
214 928 263 981 est
278 920 430 981 Maximus
444 918 518 1000 ille,
541 940 632 999 quem
646 922 806 1002 frequenti

135 1005 228 1067 Felix
241 1004 350 1066 littera
363 1005 474 1083 pagina
489 1002 610 1065 salutat.
977 1028 980 1055 ι

109 1091 230 1154 5Hunc
245 1095 279 1149 tu
291 1106 350 1169 per
366 1084 487 1149 Siculas
501 1094 626 1149 secutus
639 1089 752 1170 undas,
974 1062 1011 1177 5¹1*

137 1175 165 1236 0
180 1172 291 1250 nullis,
314 1171 421 1250 Ovidi,
440 1170 719 1253 tacende-linguis,
974 1168 1000 1208 '³'

137 1257 293 1338 Sprevisti
309 1254 425 1316 domini
439 1256 574 1316 furentia
587 1257 660 1320 iras.
970 1208 977 1383 l

133 1343 273 1404 Miretur
286 1337 427 1420 Pyladen
441 1348 527 1400 suum
542 1347 693 1418 vetustas,
970 1386 975 1447 Ι

133 1426 246 1486 Haesit
262 1425 315 1504 qui
330 1442 432 1484 comes
448 1423 530 1484 exuli
545 1424 694 1504 parentia.
1026 1438 1030 1443 ’

82 1522 126 1577 10
133 1510 211 1587 Quia
226 1506 404 1569 discrimina
417 1513 576 1588 comparet
590 1506 741 1567 duorum?
967 1450 973 1599 l

133 1593 274 1654 Haesisti
289 1610 392 1653 comcs
408 1589 492 1652 exuli
506 1591 650 1653 Neronis.
966 1602 972 1667 i

524 1745 631 1810 XLVI.

133 1855 362 1921 Commendare
376 1864 462 1920 tuum
477 1858 549 1920 dum
563 1861 610 1920 vis
625 1860 701 1920 mihi
715 1860 851 1922 carmine
865 1880 973 1924 munus

173 1943 384 2022 Maeonioque
402 1945 488 2024 cupis
503 1942 624 2005 doctius
640 1962 696 2005 ore
707 1942 810 2024 loqui,
1024 1996 1027 2002 .

128 2028 299 2089 Excrucias
312 2024 418 2089 multis
432 2028 552 2109 pariter
567 2047 617 2089 me
630 2035 727 2107 teque
742 2028 867 2106 diebus,
1023 2052 1027 2117 ᾗ
1048 2018 1072 2065 '⁴¹

173 2113 217 2172 rat
230 2117 285 2172 tua
296 2109 338 2172 de
353 2117 478 2190 nostro,
499 2113 624 2191 Prisce,
648 2111 759 2172 Thalia
771 2118 864 2173 tacet.
1023 2122 1026 2135 '

102 2196 286 2259 5Divitilsus
300 2197 420 2277 poteris
436 2215 536 2256 musas
552 2193 721 2274 elegosque
736 2202 882 2256 sonantes

175 2279 326 2340 Mittere:
347 2280 536 2360 pauperibus
551 2297 695 2357 munera,
715 2280 840 2357 Prisce,
857 2278 938 2340 dato.
1018 2274 1023 2337 ἶ

510 2445 631 2510 XLVII.

128 2563 299 2624 Doctorum
316 2562 417 2624 Licini
432 2561 637 2623 celeberrime
654 2562 732 2623 Sura
745 2564 895 2642 virorum,

173 2647 269 2708 Culus
282 2648 385 2727 prisca
398 2664 506 2725 graves
520 2644 626 2723 lingua
640 2645 766 2706 reduxit
779 2666 867 2726 avos,

130 2728 304 2810 Redderis,
326 2731 404 2808 heu,
428 2735 541 2809 quanto
556 2730 690 2788 fatorum
704 2731 848 2789 munere!
869 2731 976 2811 nobis,

173 2815 304 2876 Gustata
319 2814 437 2874 Lethes
452 2830 552 2892 paene
567 2812 715 2872 remissus
731 2833 818 2892 aqua.
854 2851 860 2860 ·

103 2897 343 2960 5Perdiderant
358 2899 419 2958 iam
434 2902 505 2957 vota
518 2901 635 2957 metum
650 2915 821 2975 securaque
836 2898 933 2958 flebat

173 2982 318 3043 Tristitia
331 2989 364 3044 et
376 2978 513 3042 lacrimis
527 2983 649 3059 iamque
663 2987 808 3061 peractus
825 3000 903 3042 eras.

126 3065 200 3127 Non
215 3065 289 3127 tulit
301 3065 448 3128 invidiam
462 3067 550 3127 taciti
563 3070 712 3145 regnator
726 3067 844 3126 Averni

171 3150 215 3210 Et
228 3156 333 3232 raptas
347 3152 420 3212 fatis
434 3150 576 3211 reddidit
589 3151 658 3231 ipse
674 3147 770 3212 colus.

126 3231 199 3294 Scis
211 3234 323 3315 igitur,
346 3241 474 3315 quantas
488 3236 646 3296 homiuum
661 3254 744 3295 mors
758 3232 838 3296 falsa
853 3232 1011 3316 querellas

82 3331 116 3384 io
169 3317 322 3399 Movent,
346 3327 379 3381 et
394 3321 510 3380 frueris
524 3320 708 3401 posteritate
724 3326 784 3381 tua.

123 3401 208 3466 Vive
223 3401 309 3464 velut
323 3411 413 3488 rapto
428 3405 619 3484 fugitivaque
634 3403 744 3484 gaudia
759 3422 867 3486 corpe:

123 3485 356 3634 MPerdiderit
372 3487 489 3552 nullum
503 3490 565 3549 vita
577 3507 704 3550 reversa
718 3487 809 3553 diem.
867 3570 885 3633 l

165 3588 239 3632 aar.
846 3571 863 3632 l
