2370 3924
109 219 151 284 46
248 260 257 273 »
437 218 482 280 Μ.
498 218 591 281 VAL.
607 215 834 279 MARTIALIS

193 372 318 434 Mecum
332 372 395 432 eris
411 389 485 450 ergo
500 371 610 430 miser:
633 367 716 448 quod
730 370 757 429 si
771 367 847 428 deus
862 387 916 430 ore
931 388 1047 436 sereno

237 456 406 534 Annuerit,
427 454 519 532 felix,
542 452 697 531 Candide,
720 451 803 532 solua
819 454 891 516 eris.

579 585 674 649 XXV.

194 702 255 761 Das
272 719 442 781 nunqnam,
463 717 586 780 semper
598 698 771 778 promittis,
794 696 900 776 Galla,
923 701 1056 780 roganti.

236 785 269 845 Si
284 803 407 864 semper
420 781 520 861 fallu,
541 785 601 842 iam
620 801 712 861 rogo,
735 778 842 861 Galla,
864 801 952 863 nega.

569 913 679 978 XXVI.

193 1028 282 1107 Quod
301 1027 461 1108 querulum
480 1029 594 1107 spirat,
616 1024 700 1105 quod
717 1027 862 1087 acerbum
875 1024 990 1089 Naevia
1004 1030 1116 1109 tussit,

232 1113 329 1193 Inque
345 1119 414 1172 tuos
428 1111 524 1171 mittit
538 1116 628 1190 sputa
642 1108 773 1170 subinde
790 1110 890 1188 rinus,
923 1114 926 1118 “

190 1196 252 1257 Iam
265 1203 298 1257 te
314 1214 382 1257 rem
395 1196 523 1274 factam,
544 1193 726 1272 Bithynice,
748 1192 850 1254 credis
867 1196 1007 1256 hahere?

232 1282 342 1341 Erras:
363 1275 522 1340 blanditur
535 1275 663 1355 Naevia,
684 1295 747 1336 non
761 1278 899 1363 moritur.

461 1408 464 1413 ·
534 1484 538 1491 p
569 1410 691 1473 xxvn.

190 1525 381 1587 Laudantem
396 1525 512 1587 Selium
527 1545 622 1587 oenae
637 1546 705 1586 curn
723 1527 803 1587 retia
819 1524 921 1585 tendit

232 1611 365 1691 Accipe,
376 1611 452 1674 sive
466 1609 570 1689 legas,
589 1612 653 1671 sive
667 1615 815 1690 patronus
832 1628 918 1688 agas:

191 1693 348 1773 „Effeotei
369 1695 519 1774 graviter!
540 1694 584 1754 st!
605 1693 767 1773 nequiter!
788 1693 882 1772 euge!
906 1693 1015 1754 beate!

231 1778 300 1837 Hoc
314 1776 433 1838 volui!“
460 1777 555 1837 Facta
573 1782 621 1851 est
635 1779 695 1836 iam
709 1776 766 1836 tibi
782 1795 873 1855 cena,
894 1783 972 1839 tace.

555 1909 692 1972 XXVIII.

189 2021 302 2083 Rideto
320 2018 450 2082 multum
465 2023 518 2102 qui
535 2027 582 2101 te,
605 2019 753 2100 SextiIle,
777 2020 937 2082 cinaedum

232 2106 352 2166 Dixerit
368 2112 400 2166 et
413 2105 542 2185 digitum
557 2107 709 2187 porrigito
724 2104 868 2168 medium.

190 2189 254 2250 Sed
268 2210 326 2251 nec
340 2189 470 2271 paedico
486 2209 520 2250 es
537 2209 596 2251 nec
610 2196 660 2268 tu,
681 2186 830 2268 Sextille,
852 2189 990 2269 fututor,

232 2271 328 2334 Calda
343 2274 527 2337 Vetustinae
543 2294 601 2348 nee
615 2275 673 2335 tibi
689 2274 783 2334 bucca
798 2271 911 2353 placet.

168 2358 237 2420 anx
251 2358 319 2417 istis
334 2356 412 2418 nihil
428 2377 461 2418 es
475 2359 594 2436 fateor,
616 2356 765 2417 Sextille:
788 2354 864 2436 quid
877 2375 951 2436 crgo
969 2359 1026 2418 es?

230 2441 359 2520 Nescio,
382 2440 438 2501 sed
453 2447 486 2502 tn
501 2443 560 2502 scis
577 2459 629 2501 res
643 2459 808 2523 superesse
823 2438 907 2502 duas.

569 2587 677 2651 XXIX.

188 2703 285 2780 Rufe,
307 2702 394 2765 vides
409 2703 497 2765 illum
512 2704 660 2767 subsellia
673 2707 773 2788 prima
787 2711 959 2785 terentem,

231 2787 326 2848 Cuius
342 2794 374 2848 et
389 2789 462 2849 hine
476 2787 562 2851 lueet
577 2790 802 2870 sardonychata
815 2808 921 2850 manus

190 2871 338 2952 Quaeque
354 2873 462 2952 Tyron
478 2875 592 2935 totiens
609 2881 775 2956 epotavere
789 2870 935 2934 lacernae

229 2956 272 3015 Et
285 2962 356 3034 toga
370 2975 432 3016 non
447 2962 543 3018 tactas
558 2960 683 3019 vincere
698 2960 780 3018 iussa
794 2958 897 3035 nives,

166 3038 286 3098 utlaius
303 3037 369 3098 olet
384 3045 450 3099 toto
465 3040 587 3120 pinguis
603 3061 688 3101 coma
703 3038 909 3102 Marcelliano

228 3123 271 3181 Et
284 3119 453 3202 splendent
466 3122 551 3192 volso
566 3125 692 3185 brachia
707 3126 781 3185 trita
795 3123 878 3205 pilo;

187 3208 257 3268 Non
271 3206 418 3267 hesterna
432 3205 523 3268 sedet
536 3207 641 3269 lunata
654 3206 770 3288 lingula
783 3206 906 3290 planta,

231 3289 365 3350 Coccina
379 3310 442 3352 non
455 3290 572 3354 laesum
585 3294 685 3373 pingit
700 3292 782 3354 aluta
795 3292 923 3374 pedem,

188 3374 230 3435 nt
243 3392 407 3435 numerosa
420 3373 523 3437 linunt
538 3374 716 3439 stellantem
731 3375 851 3459 splenia
864 3377 1009 3437 frontem.

147 3466 180 3521 10
229 3459 354 3538 Ignoras
371 3458 445 3540 quid
460 3461 522 3521 ait?
542 3462 660 3544 splenia
674 3461 768 3542 tolle,
788 3459 885 3543 leges.
