2370 3924
426 226 470 288 Μ.
486 226 577 289 an.
594 225 820 287 MARTIALIS

563 427 689 490 XXXV.

185 545 264 604 Dum
280 545 339 603 sibi
353 541 460 604 redire
478 540 517 600 de
532 543 734 603 Patrensibus
749 540 854 602 fundis
964 538 969 543 ’

185 629 311 688 Ducena
327 626 437 687 clamat
452 627 626 686 coccinatus
640 624 788 686 Euclides

187 713 412 790 Corinthioque
427 709 517 790 plura
536 708 575 769 de
591 712 765 771 suburbano

185 796 386 874 Longumque
400 793 531 874 pulchra
546 800 674 854 stemma
687 795 805 873 repetit
820 792 934 855 aLeda

163 879 228 940 aba
242 880 403 939 suscitanti
418 879 509 939 Leito
524 875 713 938 reluctatur:

186 964 294 1042 Equiti
309 964 462 1043 superbo,
483 959 598 1040 nobili,
616 959 769 1042 locupleti
848 1010 850 1015 .

189 1045 313 1108 Cecidit
326 1053 459 1127 repente
474 1064 583 1124 magna
599 1044 639 1105 dc
654 1047 723 1106 sinu
739 1043 842 1107 clavis.

187 1130 364 1211 Nunquam,
384 1127 533 1208 Fabulle,
555 1131 688 1214 nequior
701 1131 761 1190 suit
777 1130 878 1192 clavia.

550 1264 692 1327 XXXVI.

186 1378 340 1440 Laudatus
354 1384 463 1438 nostro
479 1376 616 1456 quidam,
638 1376 801 1456 Faustina,
821 1374 933 1438 libello

229 1460 423 1539 Dissimulat,
446 1461 532 1540 quasi
546 1459 592 1520 nil
607 1460 734 1523 debeat:
755 1462 910 1542 imposuit.

126 1652 133 1701 ,
545 1595 697 1658 XXXVII.
723 1610 725 1617 ’
808 1651 813 1659 .

121 1712 128 1793 p'
187 1711 295 1771 Puclla
310 1710 435 1770 senibus
450 1708 572 1769 dulcior
585 1710 661 1768 mihi
677 1710 799 1788 cygnis,

118 1798 123 1855 ι’
189 1796 276 1874 Agna
292 1793 417 1854 Galaesi
432 1791 555 1852 mollior
567 1790 760 1872 Phalantini,

114 1862 120 1943 ι’
189 1879 315 1939 Concha
329 1877 456 1937 Lucrini
472 1875 635 1936 delicatior
651 1878 766 1956 stagni,

189 1963 247 2023 (lui
260 1979 319 2021 nec
333 1957 457 2040 lapillos
472 1961 632 2039 praeferas
646 1962 855 2040 Erythraeos,

110 2046 114 2119 Ξ
167 2046 256 2108 bNec
271 2044 362 2104 modo
376 2042 506 2124 politum
520 2043 649 2123 pecudis
666 2043 789 2105 indicae
805 2043 930 2105 dentem

111 2192 114 2201 ,
188 2130 342 2209 Nivesque
356 2130 469 2210 primas
483 2127 645 2208 liliumque
660 2148 723 2189 non
735 2135 867 2202 tactum;

112 2215 273 2295 ·Quac
289 2216 375 2274 crine
390 2215 465 2273 vicit
478 2214 595 2273 Raetici
611 2215 713 2293 gregis
727 2213 825 2273 vellus

187 2298 352 2441 lhimlli
366 2297 465 2441 iil
480 2296 835 2441 {libabitis

122 2434 126 2445 Ι
124 2472 179 2528 10
188 2401 581 2544 Qdolerttncarquprrma
596 2403 688 2526 mallla
703 2424 859 2542 cerarum’,

126 2548 278 2624 Quod
296 2551 471 2608 sucinorum
485 2554 574 2628 rapta
589 2548 628 2608 de
644 2569 732 2610 manu
748 2549 853 2628 gleba;

125 2634 246 2693 Gui
262 2639 454 2721 comparatus
470 2632 618 2693 indecens
634 2639 702 2693 erat
716 2653 826 2714 parus,

117 2684 127 2793 j·
184 2716 357 2778 Inamabilis
372 2718 491 2777 sciurus
510 2724 542 2777 et
556 2718 705 2797 frequens
720 2718 871 2798 phoenix.
921 2777 935 2803 ο

114 2802 119 2887 ξ
187 2801 297 2862 Adhuc
312 2804 433 2862 recenti
449 2809 537 2881 tepet
551 2803 682 2862 Erotion
698 2804 805 2879 busto,

112 2934 115 2941 .
112 2895 178 2947 15
188 2887 282 2962 Quam
298 2889 500 2967 pessimorum
514 2884 565 2947 lex
580 2905 680 2945 amara
696 2886 829 2946 satorum

109 3004 114 3029 ·.
187 2971 280 3029 Sexta
294 2972 418 3050 peregit
432 2971 550 3046 hieme,
573 2988 633 3029 ncc
647 2976 749 3030 tamen
765 2976 849 3048 tota,

111 3078 114 3083 ·
186 3053 317 3114 Nostros
333 3072 452 3113 amores
467 3053 671 3133 gaudiumque
684 3054 840 3133 lususque.

112 3138 117 3215 ',
185 3137 226 3197 Et
242 3156 310 3197 esse
327 3139 450 3197 tristem
466 3156 515 3197 me
530 3156 615 3197 meus
629 3144 713 3198 vetat
726 3139 855 3217 Paetus,

112 3250 116 3257 ¹
185 3223 360 3300 Pectusque
377 3219 502 3300 pulsans
518 3223 636 3302 pariter
652 3230 684 3282 ct
699 3242 814 3282 comam
828 3219 964 3286 vellens

143 3315 192 3381 ιο,
194 3305 329 3383 ,Deilerc
348 3325 409 3364 non
425 3312 457 3366 te
470 3305 617 3366 vernulae
630 3306 727 3385 pudet
742 3307 894 3367 mortam?

109 3430 112 3458 :
186 3390 252 3466 Ego
269 3389 451 3466 coniugcm“
466 3392 566 3470 inquit
582 3390 700 3467 „extuli
715 3397 747 3450 et
762 3398 864 3450 tamen
879 3391 964 3468 vivo,

101 3482 113 3547 f
184 3474 310 3554 Natam,
334 3477 514 3554 superbam,
537 3474 690 3551 nobilem,
712 3472 912 3554 locupletem
914 3474 935 3512 ‘⁴
