2370 3924
89 225 152 291 136
250 217 254 223 ’
412 219 807 284 mirabilissimus

545 422 681 487 XXXIX.

174 544 268 604 Pater
285 561 322 603 ex
337 537 490 619 Marulla,
512 540 627 621 Cinna,
649 542 748 602 factus
764 561 798 602 es
814 550 936 626 septem

173 628 243 688 Non
255 626 438 688 liberorum:
460 644 590 702 namque
607 645 665 687 nee
680 633 749 686 tuus
762 628 940 711 qnisquam,

175 712 240 772 Nec
255 717 303 771 est
316 711 404 770 amici
419 709 538 769 filiusve
552 712 660 789 vicini,

177 795 239 856 Sed
253 797 286 854 in
300 794 434 873 grabati·
450 795 667 874 tegetibusque
684 797 827 876 concepti

152 880 317 943 5Materna
330 875 466 958 produnt
480 878 629 957 capitibus
645 879 708 938 auis
721 878 812 939 furta.

173 963 249 1041 Hic,
273 963 325 1040 qui
339 966 459 1022 retorto
475 962 560 1023 crine
576 963 703 1022 Maurus
716 961 851 1040 incedit,

176 1042 321 1107 Subolem
335 1044 452 1105 fatetur
466 1063 535 1106 esse
551 1065 584 1106 se
599 1047 665 1107 coci
680 1046 820 1108 Santrae.

175 1132 217 1190 At
230 1128 286 1189 ille
301 1131 376 1189 sima
389 1146 482 1207 nare,
504 1128 636 1209 turgidis
649 1128 764 1208 labris,

174 1213 243 1293 Ipsa
258 1220 306 1273 est
320 1215 418 1291 imago
433 1213 593 1293 Pannychi
606 1211 815 1294 palaestritae.

132 1299 305 1362 ioPistoris
320 1315 389 1359 esse
403 1298 531 1356 tertium
548 1299 616 1375 quis
631 1299 772 1376 ignorat,

177 1383 357 1461 Quicunque
370 1379 489 1460 lippum
503 1383 588 1441 novit
602 1389 635 1442 et
648 1380 734 1441 videt
749 1379 895 1440 Damam?

177 1467 309 1541 Quartus
324 1463 451 1525 cinaeda
465 1464 587 1542 fronte,
610 1463 740 1524 candido
754 1462 856 1543 voltu,

174 1549 221 1611 Ex
236 1550 406 1610 concubino
420 1555 509 1608 natur
524 1550 644 1609 esttibi
658 1548 780 1629 Lygdo:
899 1620 903 1624 ι

174 1634 308 1693 Percide
324 1635 349 1693 ai
364 1633 427 1710 ris,
448 1632 560 1692 filium:
583 1632 671 1692 nefas
684 1652 747 1692 non
762 1637 819 1693 ert.

132 1718 265 1779 15Hunc
279 1736 353 1777 vero
369 1721 457 1776 acuto
474 1719 574 1797 capite
592 1723 625 1777 et
639 1718 763 1776 auribus
777 1714 897 1795 longis,

175 1802 260 1879 Quae
275 1803 319 1860 sic
334 1805 511 1878 moventur,
534 1807 568 1861 ut
583 1798 687 1860 solent
703 1798 884 1877 asellorum,

177 1886 251 1960 Quis
266 1884 413 1943 morionis
427 1883 524 1944 lilium
538 1891 631 1963 negat
647 1884 784 1963 Cyrtae?

175 1968 260 2027 Duae
276 1985 416 2042 sorores,
437 1967 490 2027 illa
504 1971 590 2046 nigra
605 1969 727 2028 ethaeo
742 1967 827 2045 rufa,

177 2053 265 2113 Croti
282 2049 445 2111 choraulae
459 2050 603 2131 vilicique
619 2059 690 2111 sunt
705 2052 807 2131 Carpi.

132 2137 296 2216 hblamqne
312 2134 502 2196 hibridarnm
516 2155 591 2216 grex
606 2138 663 2195 tibi
677 2136 761 2195 foret
776 2131 905 2215 plenus,
998 2178 1012 2199 0

177 2222 211 2281 Si
224 2221 319 2301 spado
335 2222 470 2282 carosus
487 2219 719 2300 Dindymusque
733 2239 795 2279 non
811 2224 904 2279 esset.

579 2383 644 2444 XL.

176 2498 305 2560 Femina
318 2500 472 2580 praeferri
488 2502 590 2579 potuit
604 2502 660 2560 tibi
675 2499 777 2578 nulla,
798 2499 927 2578 Lycori=

217 2582 377 2643 Praeferri
392 2581 545 2662 Glycerae
559 2583 673 2643 femina
688 2583 772 2644 nulla
785 2589 899 2665 potest.

176 2667 262 2726 Haec
278 2667 338 2726 erit
349 2668 409 2728 hoc
421 2667 503 2747 quod
518 2673 566 2726 tn:
581 2674 615 2727 tn
630 2688 691 2727 non
706 2675 795 2748 potes
807 2685 877 2728 esse
890 2665 1060 2747 quodhaee

219 2749 375 2831 Tempora
389 2751 463 2831 qaid
478 2752 609 2812 iaciunt!
631 2752 710 2812 hanc
725 2749 813 2830 volo,
834 2757 866 2813 te
879 2750 972 2815 volni.

579 2913 657 2974 XLI.

176 3028 236 3105 Qui
249 3029 363 3090 recitat
376 3026 448 3087 lana
461 3028 566 3088 fauces
582 3035 615 3089 et
629 3027 711 3088 colla
726 3029 900 3108 revinctus,

217 3111 278 3171 Hic
292 3129 327 3170 se
340 3128 432 3191 posse
446 3112 548 3190 loqui,
570 3117 662 3191 posse
678 3119 784 3174 tacere
797 3115 899 3193 neget.

564 3275 654 3336 XLll.

175 3384 299 3445 Etrusci
313 3385 373 3444 uiri
385 3382 549 3446 thermulis
564 3385 690 3466 lavaris,

173 3466 283 3529 illotas
297 3468 456 3548 morieris,
480 3470 628 3552 Oppiane.
