2370 3924
322 220 662 282 EPIGRAMMATON
675 220 749 284 LIB.
767 221 832 284 Vll.
1038 223 1100 287 151

142 379 336 453 Fractusque
352 393 448 434 cornu
461 375 521 433 iam
536 380 586 433 ter
600 374 741 452 improbo
755 373 883 435 Rhenus

144 461 268 522 'fenest
282 458 456 520 domantem
470 476 566 536 regna
581 457 719 537 perfidae
734 459 851 536 gentis,

120 545 215 620 5Te,
238 562 354 607 summe
369 541 475 602 mundi
488 547 594 602 rector
609 547 642 601 et
654 560 769 622 parens
783 543 884 603 orbis:

143 629 264 690 Abesse
277 627 393 693 nostris
408 632 587 686 nontamen
601 632 692 706 potes
706 628 794 687 votis.

142 713 212 774 Illic
228 720 261 773 et
275 710 373 773 oculis
388 717 420 770 et
435 711 542 770 animis
557 729 677 787 sumus,
699 711 830 789 Caesar,

143 797 295 876 Adeoque
310 801 431 856 mentes
446 795 580 854 omnium
593 800 684 854 tenes
698 814 796 874 unus,

141 882 186 942 Ut
198 882 266 961 ipsa
280 881 383 959 magni
395 879 487 939 turba
500 880 618 938 nesciat
632 879 732 956 Circi,

101 966 294 1028 10Utrumne
312 969 417 1024 currat
430 962 612 1022 Passerinus
628 982 666 1021 aa
680 962 795 1041 Tigris.

541 1095 618 1158 VIll.

142 1207 231 1268 Nunc
244 1206 380 1286 hilares,
402 1210 428 1268 si
444 1207 565 1286 quando
580 1210 672 1286 mihi,
692 1228 774 1268 nnnc
789 1206 905 1287 ludite,
927 1207 1052 1269 Musae:
1104 1249 1116 1279 r

185 1292 296 1353 Victor
311 1293 348 1353 ab
364 1291 498 1370 Odrysio
513 1291 657 1352 redditur
671 1293 747 1353 orbe
765 1292 850 1352 deus.

144 1377 240 1437 Certa
256 1376 334 1437 facis
350 1374 458 1457 populi
472 1381 505 1436 tu
519 1378 636 1457 primns
651 1383 736 1454 vota,
757 1377 946 1437 December:
985 1446 989 1460 ἱ

183 1460 246 1521 lam
259 1459 337 1520 licet
350 1461 471 1538 ingenti
485 1458 591 1520 dicere
605 1480 680 1521 voce
696 1460 851 1539 „Venit!“

122 1542 236 1604 :Felix
250 1550 335 1605 sorte
351 1545 417 1604 tua!
445 1544 576 1604 Poteras
594 1564 657 1604 non
675 1543 789 1604 cedere
804 1545 892 1622 lano,

186 1627 305 1688 Gaudia
322 1630 349 1689 si
362 1629 466 1706 nobis,
490 1647 568 1706 quae
583 1626 669 1688 dabit
681 1628 754 1706 ille,
776 1626 876 1688 dares.

140 1711 238 1773 Festa
258 1718 420 1772 coronatus
435 1710 526 1771 ludet
540 1714 673 1773 convitia
687 1711 795 1789 miles,

183 1796 270 1870 Inter
283 1795 455 1875 laurigeros
470 1816 538 1857 cum
553 1817 655 1857 comes
669 1798 728 1857 ibit
744 1815 849 1876 equos.

141 1881 202 1942 Fas
222 1879 329 1941 audire
342 1882 428 1940 iocos
442 1879 621 1960 levioraque
637 1882 787 1959 carmina,
809 1882 941 1960 Gaesar,

99 1976 135 2028 10
182 1965 225 2026 nt
237 1966 313 2044 tibi,
333 1963 459 2025 silurus
473 1966 541 2046 ipse
555 1967 729 2048 triumphus
745 1971 834 2027 amat.

550 2112 601 2174 IX.

143 2225 221 2285 Cum
235 2225 392 2303 sexaginta
405 2230 549 2285 numeret
563 2224 735 2286 Cascellius
750 2246 863 2307 annos,

183 2308 363 2388 Ingeniosus
377 2309 468 2368 homo
485 2315 546 2369 est:
570 2308 690 2389 quando
708 2310 843 2371 disertus
863 2312 948 2372 erit?

558 2444 588 2503 X

141 2553 327 2615 Paedicatnr
340 2556 438 2635 Eros,
459 2555 552 2618 fellat
565 2558 676 2619 Linus:
699 2557 776 2636 Ole,
797 2559 871 2637 quid
886 2558 925 2619 ad
939 2565 988 2639 te,

183 2639 231 2699 De
246 2645 316 2699 oute
332 2639 406 2719 quid
420 2642 535 2702 faciant
547 2641 604 2702 ille
618 2642 669 2702 vel
681 2642 736 2703 ille
754 2643 830 2703 rua?

143 2724 294 2783 Centenis
308 2724 403 2784 futuit
417 2726 525 2786 Matho
542 2725 684 2786 milibus:
706 2726 782 2804 Ole,
799 2725 873 2804 quid
888 2727 926 2787 ad
941 2727 995 2786 te?

183 2806 253 2867 Nou
266 2814 301 2867 tu
313 2816 500 2888 propterea,
523 2809 580 2869 sed
592 2809 701 2890 Matlro
716 2828 834 2889 pauper
849 2812 919 2872 erit.

117 2891 174 2952 51n
188 2890 290 2950 lucem
305 2898 396 2951 cenat
410 2893 577 2954 Sertorius.
609 2892 684 2972 0le,
708 2892 782 2972 qnid
797 2893 836 2953 ad
849 2895 905 2954 te?

160 3042 163 3047 ⁴
184 2975 262 3037 Gum
275 2974 371 3035 liceat
384 2982 449 3037 tota
463 2983 599 3037 stertere
618 2983 711 3038 nocte
726 2978 794 3041 tibi.

142 3058 347 3140 Septingenta
360 3060 435 3120 'rito
452 3061 547 3122 dehet
560 3062 680 3142 Lupus:
703 3061 778 3140 oie,
798 3060 873 3142 quid
888 3061 926 3122 ad
940 3061 995 3125 tet

183 3144 293 3203 Assem
309 3164 350 3204 ue
366 3142 492 3206 dederis
508 3146 718 3207 crediderisve
731 3147 829 3228 Lupo.

141 3226 224 3287 [llud
239 3227 427 3308 dissimulas,
450 3229 489 3289 ad
503 3236 536 3291 te
552 3230 635 3311 quod
649 3233 803 3311 pertinet,
826 3230 903 3310 01e,

98 3321 134 3372 10
183 3312 334 3391 Quodque
349 3315 443 3392 magis
462 3333 553 3376 curae
569 3317 713 3376 convenit
727 3334 797 3376 esse
812 3322 893 3376 tuae.

142 3396 204 3456 Pro
218 3397 324 3474 togula
339 3396 451 3458 debes:
471 3400 531 3459 hoo
546 3398 585 3459 ad
599 3406 632 3459 te
645 3401 800 3481 pertinet,
820 3398 890 3462 010.

185 3480 393 3557 Quadrantem
407 3502 497 3543 nemo
512 3485 572 3544 iam
587 3485 645 3545 tihi
659 3484 776 3548 credit:
798 3490 832 3546 et
845 3485 922 3548 noe.
