2370 3924
308 210 646 271 EPIGRAMMATON
661 212 734 274 Llll.
750 214 802 275 lV.

71 377 106 430 15
113 367 279 425 Armorum
294 362 366 423 Salo
383 370 575 444 temperator
589 365 700 423 ambit:

117 447 324 527 Tutelamque
344 448 517 526 chorosque
533 448 744 527 Rixamarum,

114 534 157 593 Ει
171 532 309 592 convlria
323 530 404 591 festa
423 531 629 609 Carduarum,

114 618 157 677 Et
171 618 265 676 textis
280 616 429 675 Peterum
442 618 522 676 rosis
537 617 718 692 rubentem,

115 703 219 779 Atque
235 701 360 778 antiqua
374 707 494 778 patrum
509 701 631 759 theatra
645 699 754 777 Rigas,

69 785 155 848 aoht
170 789 273 844 certos
286 781 387 842 iaculo
403 783 465 843 levi
483 783 598 861 Silaos,

117 869 332 948 Turgontique
345 865 431 927 lacus
445 869 670 945 Perusiaeque,

116 953 157 1013 Et
171 970 284 1032 parvae
300 949 376 1010 vada
390 971 468 1031 pura
483 953 684 1029 Vetoniasae,

115 1037 157 1096 Ει
174 1042 311 1096 sanctum
325 1034 496 1095 Buradonis
510 1034 664 1112 ilicetum,

114 1121 177 1180 Per
192 1119 276 1199 quod
290 1117 341 1179 vel
355 1120 444 1199 piger
459 1116 593 1179 ambulat
606 1121 721 1193 viator;

68 1205 155 1268 25Et
170 1222 248 1282 quae
262 1202 395 1263 fortibus
410 1202 525 1263 excolit
538 1204 673 1262 iuvencis
733 1208 735 1212 '

117 1289 236 1349 Curvae
250 1286 386 1348 Manlius
405 1307 475 1347 arva
489 1288 679 1350 Vativcscae.

113 1373 276 1447 Haec-tam
290 1372 420 1446 rustica,
445 1369 577 1431 delicate
593 1370 708 1446 lector,

113 1455 210 1516 Rides
224 1455 367 1515 nomina?
388 1454 491 1514 rideas
505 1453 623 1517 licebit.

113 1541 200 1599 llaec
215 1546 277 1599 tam
291 1540 406 1598 rustica
421 1537 515 1615 malo,
537 1557 626 1616 quam
640 1536 801 1602 Butuntos.

509 1701 587 1762 LVI.

112 1828 247 1888 Munera
262 1825 345 1905 quod
359 1827 484 1886 senibus
499 1826 660 1906 viduisque
675 1828 813 1905 ingentia
827 1829 924 1888 mittis

155 1912 211 1973 Vis
225 1916 259 1970 te
273 1910 465 1989 munilicum,
489 1909 682 1990 Gargiliaue,
704 1912 832 1971 vocem?

112 1993 275 2055 Sordidius
288 1992 367 2053 nihil
382 2001 445 2071 est,
467 1992 546 2053 nihil
562 2001 610 2055 cst
624 2002 656 2055 te
671 1996 810 2074 spurcius
825 2016 902 2075 uno,

156 2079 216 2155 Qui
229 2084 320 2158 potes
337 2076 464 2137 insidias
482 2077 563 2138 dona
576 2099 687 2139 vocare
701 2085 779 2139 tuac.
901 2106 903 2111 ·

87 2162 166 2224 bsic
182 2161 278 2222 avidis
294 2159 386 2221 fallar
400 2160 542 2240 indulget
556 2164 694 2242 piscibus
712 2163 834 2240 hamus,

159 2244 279 2306 Callida
293 2247 337 2305 aic
353 2244 464 2305 stultas
481 2244 598 2324 decipit
613 2264 683 2306 esca
699 2246 795 2310 feras.

115 2330 197 2407 Quid
212 2331 253 2390 sit
265 2327 391 2408 largiri,
415 2327 489 2409 quid
504 2330 544 2388 sit
560 2329 693 2408 donare,
716 2329 850 2408 docebo,

156 2414 189 2474 Si
204 2414 322 2473 nescis:
345 2412 440 2491 dona,
464 2413 657 2493 Gargilianc,
679 2415 763 2477 mihi.

498 2578 590 2642 nna
670 2555 672 2559 ’

111 2703 188 2762 Ι)ιιιιι
204 2722 261 2763 nos
276 2700 388 2762 blanda
401 2709 512 2763 tenent
525 2703 630 2764 lascivi
645 2709 750 2781 stagna
764 2703 890 2763 Lucrini

153 2787 195 2846 Ει
210 2805 288 2866 quae
301 2789 451 2867 pumiceis
465 2789 604 2847 fontibus
618 2794 706 2847 antra
721 2785 840 2863 calent,

112 2872 161 2931 Tu
176 2869 253 2930 colis
269 2872 364 2950 Argei
377 2890 523 2950 regnum,
545 2871 712 2946 Faustine,
735 2869 854 2947 coloni,

152 2955 219 3031 Quo
236 2962 269 3015 te
284 2957 332 3015 bis
348 2954 484 3015 decimus
500 2955 585 3015 ducit
600 2957 636 3015 ab
654 2957 730 3015 urbe
746 2955 833 3034 lapis.

84 3038 248 3100 5Horrida
262 3038 318 3100 scd
332 3041 456 3100 fervent
469 3040 614 3100 Nemeaei
627 3046 755 3119 pectora
769 3042 914 3121 monstri,

151 3123 215 3183 Nec
230 3125 305 3184 satis
320 3130 385 3202 est,
406 3126 494 3193 Baias
508 3126 581 3202 igne
597 3124 700 3184 calere
716 3143 780 3185 suo.

108 3207 290 3287 Ergosacri
304 3209 408 3268 fontes
423 3216 455 3269 ct
468 3208 563 3269 litora
579 3216 665 3287 grata
678 3206 796 3286 valete,

151 3293 360 3371 Nympharum
373 3295 492 3372 pariter
506 3291 734 3371 Nereidumque
750 3292 865 3354 domus.

107 3375 283 3436 Herculeos
298 3375 393 3437 colles
412 3376 516 3456 gelida
529 3396 582 3436 vos
596 3377 711 3436 vincite
726 3378 848 3452 bruma,

63 3469 99 3520 10
148 3459 237 3518 Nunc
255 3460 429 3522 Tiburtinis
444 3460 547 3523 cedite
564 3461 741 3540 frigoribus.

107 3542 217 3604 Maur.
840 3544 859 3606 7
1000 3633 1005 3645 ι

1033 215 1075 281 97
