2370 3924
243 176 248 187 ’
352 221 694 284 neronauuaron
708 223 781 285 nm.
798 224 819 286 1.
1066 225 1109 292 m

513 373 664 436 LXXXV.

143 485 310 550 Venderet
324 485 463 548 excultos
479 485 574 547 eolles
590 505 658 547 cnm
672 505 785 566 praeco
800 487 920 550 facetus

189 570 292 648 Atque
307 571 475 632 suburbani
488 571 595 648 iugera
607 568 739 651 pulchra
754 568 831 649 soli,

142 649 282 733 „ldrrat“
298 656 342 717 ait
354 656 404 734 „si
420 655 489 734 quis
503 654 605 715 Mario
619 660 708 735 putat
724 673 794 715 esse
809 674 939 718 necesse

187 736 352 800 Vendere:
373 735 417 798 nil
431 737 542 816 debet,
563 739 688 798 fenerat
701 739 794 799 immo
809 742 936 820 magis.“

118 832 166 901 5„
173 823 281 899 „Quae
295 823 375 882 ratio
391 828 440 882 est
454 823 549 901 igitur
555 821 621 882 ’.Μ
641 821 777 901 „Servos
791 824 836 884 ibi
849 824 989 905 perdidit
1000 843 1110 888 omnes

187 906 230 967 Et
242 924 338 986 pecus
353 912 387 966 et
400 906 536 984 fructus,
558 925 621 965 non
637 913 717 966 amat
730 905 804 968 inde
818 907 953 971 locum.“

143 989 222 1066 Quis
235 989 356 1050 faceret
369 991 505 1069 pretium
519 990 579 1049 nisi
595 990 647 1068 qui
663 1010 717 1050 sua
730 991 866 1070 perdere
881 991 979 1054 vellet

189 1073 320 1135 Omnia?
349 1072 401 1133 Sic
416 1073 518 1134 Mario
533 1074 642 1133 noxius
657 1074 769 1134 haeret
784 1094 866 1154 ager.

500 1203 665 1270 LXXXVI.

141 1305 271 1367 Vicinus
286 1324 372 1366 mens
388 1312 437 1365 est
450 1324 602 1386 manuque
618 1307 703 1385 tangi

141 1389 190 1448 De
204 1389 320 1449 nostris
334 1388 449 1450 Novius
463 1395 569 1470 potest
582 1389 741 1452 fenestris.

142 1472 220 1549 Quis
233 1491 296 1532 non
309 1471 446 1533 invideat
461 1474 537 1533 milri
551 1479 702 1553 putetque

141 1557 239 1616 Horis
255 1557 395 1617 omnibus
410 1575 480 1618 esse
495 1575 544 1617 me
559 1559 698 1634 beatum,

119 1640 252 1702 eiuncto
267 1641 317 1701 cui
330 1637 427 1701 liceat
440 1641 504 1700 frui
518 1638 649 1700 sodale?

142 1723 223 1785 Tam
235 1721 330 1802 longe
346 1729 396 1784 est
409 1725 485 1785 mihi
501 1742 590 1804 quam
607 1723 834 1801 Terentianus,

140 1807 203 1884 Qui
216 1826 298 1868 nunc
311 1805 459 1869 Niliacam
474 1808 556 1886 regit
571 1807 704 1887 Syenen.

140 1891 211 1952 Non
227 1893 407 1970 convivere,
429 1911 488 1953 nee
502 1891 609 1952 videre
624 1892 742 1969 saltim,

140 1975 213 2036 Non
228 1974 334 2036 audire
348 1972 442 2055 licet,
463 1993 523 2036 nec
536 1977 615 2036 urbe
629 1982 696 2035 tota

95 2071 133 2125 10
140 2060 310 2138 Quisquam
325 2066 374 2121 est
388 2066 450 2120 tarn
463 2078 562 2140 prope
578 2065 640 2120 tam
653 2057 824 2139 proculque
840 2061 940 2122 nobis..

137 2141 341 2222 Migrandum
356 2150 406 2203 est
420 2145 496 2204 mihi
508 2144 630 2222 longius
643 2141 695 2202 vel
711 2141 767 2205 illi.

137 2227 269 2289 Vicinus
282 2227 380 2288 Novio
394 2227 445 2289 vel
461 2227 629 2307 inquilinus

141 2311 207 2389 Sit,
229 2311 256 2370 si
271 2309 338 2390 quis
351 2308 482 2373 Novium
494 2309 602 2371 videre
617 2329 680 2370 non
695 2309 767 2372 volt.

491 2443 669 2508 LXXXVII.

139 2541 190 2606 Ne
205 2545 305 2623 gravis
320 2543 470 2603 hesterno
484 2542 621 2621 fragres,
642 2542 830 2621 Fescennia,
845 2543 932 2620 vino,

184 2626 330 2688 Pastillos
345 2627 451 2688 (Iosml
462 2623 618 2686 luxuriosa
631 2645 729 2688 voras.

138 2713 203 2774 Ista
217 2710 321 2773 linunt
336 2710 447 2772 dentes
461 2709 631 2786 iantacula,
653 2708 710 2769 sed
723 2707 802 2769 nihil
818 2711 956 2786 obstant,

184 2798 332 2858 Extremo
349 2803 456 2857 ructus
471 2814 540 2855 cum
553 2792 638 2853 redit
655 2813 671 2852 a
685 2792 842 2852 barathro.

116 2880 228 2957 tQuid
247 2879 330 2960 quod
345 2879 410 2941 olet
424 2879 545 2959 μανίαι
558 2878 685 2937 mixtum
700 2875 887 2955 diapasmate
900 2877 988 2935 virus

184 2967 288 3045 Atque
304 2963 419 3046 duplex
433 2965 551 3024 animae
570 2960 691 3039 longius
710 2962 773 3020 exit
787 2960 888 3021 odor?

68 3079 70 3089 ·
139 3049 237 3111 Notas
253 3067 328 3128 ergo
343 3050 434 3109 nimis
449 3046 575 3108 fraudes
591 3044 806 3126 deprensaque
819 3045 904 3107 furta

183 3134 246 3194 lam
259 3131 351 3195 tollas
366 3140 399 3192 et
413 3134 455 3193 sis
470 3132 557 3192 ebria
571 3129 762 3216 simpliciter.

487 3267 670 3330 LXXXVIII

138 3379 278 3460 Alcime,
303 3400 395 3462 quem
409 3388 530 3462 raptum
545 3381 668 3441 domino
686 3378 897 3440 crescentibus
912 3375 1002 3436 anulo

182 3466 334 3528 Lavicana
346 3465 411 3528 levi
428 3467 546 3548 cespite
562 3464 644 3526 velat
659 3466 787 3548 humus,
