2370 3924
90 236 154 300 248
413 235 457 295 Μ.
473 234 566 296 VAL.
582 233 809 296 MARTIALIS

174 390 215 448 nt
229 407 332 448 secum
346 389 490 447 comitem
505 388 609 445 trahet
623 385 781 466 pudorem.

175 473 305 552 Semper
319 473 486 552 pauperior
499 470 584 530 redit
597 477 743 550 potestas.

153 555 266 616 anana
280 556 433 615 auriferae
449 555 558 614 colone
572 561 693 632 terrae,

173 641 339 701 Rectorem
353 659 447 699 vacuo
462 639 531 698 sinu
545 640 686 698 remittes

175 725 365 804 Optabisque
380 742 497 800 moras,
519 728 552 782 et
569 729 732 783 exeuntem

174 807 243 868 Udo
259 806 396 866 Dalmata
409 806 520 885 gaudio
535 807 686 885 sequeris.

173 891 237 952 Nos
252 889 374 968 Celtas,
391 891 515 966 Macer,
536 897 569 950 et
580 896 684 950 truces
698 892 845 953 Hiberos·

133 990 168 1038 ιο
175 977 252 1036 Cum
266 972 423 1033 desiderio
437 975 484 1034 tui
497 980 648 1054 petemus.

175 1056 239 1119 Sed
254 1076 454 1137 quaecuuque
469 1063 572 1118 tamen
585 1058 707 1117 feretur
723 1057 809 1118 illinc

174 1143 293 1202 Piscosi
310 1141 424 1201 calamo
440 1141 520 1220 Tagi
534 1148 655 1219 notata,

174 1227 314 1286 Macrum
327 1228 438 1306 pagina
454 1233 560 1286 nostra
574 1226 752 1286 nominabit.

175 1311 226 1370 Sic
241 1312 324 1369 inter
339 1318 462 1370 veteres
475 1308 563 1388 legar
576 1315 700 1388 poetas,

50 1434 53 1439 -
134 1403 166 1455 15
172 1394 238 1454 Nec
252 1393 365 1454 multos
380 1395 455 1454 mihi
469 1394 628 1474 praeferas
643 1394 784 1472 priores,

38 1472 54 1479 ”
173 1479 242 1538 Uno
258 1477 314 1537 sed
329 1479 386 1539 tibi
402 1480 458 1537 sim
472 1479 572 1537 minor
587 1475 717 1537 Catullo.

545 1611 679 1671 LXXIX.

174 1722 224 1784 Ad
237 1723 371 1803 lapidem
387 1723 563 1802 Torquatus
577 1726 672 1784 habet
685 1725 843 1805 praetoria
858 1734 1027 1804 quartum

216 1806 265 1866 Ad
282 1813 423 1886 quartum
437 1809 532 1867 breve
549 1828 601 1867 rus
617 1810 692 1869 emit
707 1807 867 1870 Otacilius.

177 1892 353 1969 Torquatus
369 1890 482 1951 nitidas
496 1893 580 1951 vario
600 1891 639 1952 de
655 1912 807 1951 marmore
822 1895 959 1953 thermas

216 1975 376 2050 Extruxit;
398 1995 552 2034 cucumam
567 1976 644 2034 fecIt
659 1974 818 2037 Otacilius

153 2059 334 2138 §Disposuit
349 2058 511 2138 daphnona
526 2079 580 2118 suo
599 2061 774 2137 Torquatus
791 2062 824 2120 in
840 2079 932 2138 agro;

217 2143 382 2203 Castaneas
399 2150 520 2202 centum
536 2145 614 2203 sevit
629 2142 784 2203 Otacilius.

177 2226 312 2286 Consule
327 2227 487 2304 Torquato
502 2229 561 2286 vici
579 2228 638 2286 fuit
652 2227 705 2286 ille
720 2229 883 2306 magister,

217 2311 287 2369 Non
300 2313 400 2370 minor
414 2314 447 2370 iu
464 2318 550 2370 tanto
565 2313 646 2370 visus
661 2313 780 2371 honore
796 2313 864 2372 sibi.

174 2391 307 2452 Grandis
322 2401 356 2452 ut
371 2397 509 2471 exiguam
525 2397 580 2454 bos
594 2415 697 2454 ranam
712 2403 840 2474 ruperat
854 2396 943 2473 olim,

131 2485 165 2535 10
215 2475 281 2552 Sic,
303 2483 394 2555 puto,
416 2478 592 2555 Torquatus
607 2486 730 2558 rumpet
743 2478 917 2541 Otacilium.

549 2611 670 2673 LXXX.

173 2722 279 2782 Plorat
293 2723 389 2800 llros,
413 2724 554 2800 quotiens
570 2723 741 2783 maculosae
756 2723 867 2802 pocula
881 2744 1010 2788 murrae

214 2807 357 2886 Inspicit,
379 2815 430 2866 aut
445 2826 558 2886 pueros
575 2806 746 2867 nobiliusve
766 2809 894 2884 citrum,

173 2891 214 2950 Et
230 2893 361 2969 gemitus
377 2893 437 2949 imo
454 2890 538 2950 ducit
553 2891 592 2950 de
609 2898 754 2971 pectore,
778 2891 860 2970 quod
873 2911 936 2950 non

216 2975 297 3034 Tota
312 2976 405 3033 miser
421 2977 539 3033 coemat
553 2976 648 3055 Septa
665 2976 807 3053 feratque
823 2974 954 3037 domurn.

150 3056 271 3131 bQuam
286 3058 374 3116 multi
389 3057 523 3135 faciunt,
546 3058 630 3137 quod
644 3060 740 3134 Eros,
763 3057 819 3117 sed
832 3057 948 3119 lumine
966 3057 1066 3121 sicco!

214 3140 290 3199 Pars
306 3141 403 3198 maior
415 3138 558 3201 lacrimas
573 3141 656 3201 ridet
671 3150 704 3201 et
717 3144 800 3202 intus
815 3144 918 3203 habet.

565 3276 698 3338 LXXXI.

172 3386 248 3445 Cum
267 3384 325 3445 duo
341 3389 498 3448 venissent
512 3389 550 3448 ad
565 3389 708 3468 Phyllida
723 3409 811 3450 manc
825 3390 961 3451 fututum

212 3470 253 3529 Et
268 3468 379 3529 nudam
395 3480 524 3550 cuperet
538 3493 660 3532 sumere
678 3480 810 3553 uterque
824 3476 929 3554 prior,
