2370 3924
324 237 665 301 EPIGRAMMATON
678 239 753 304 LlB.
768 239 821 303 Vl.
1033 239 1096 305 145

178 393 247 454 llos
261 389 387 452 Hilarus
403 388 500 450 colles
515 394 548 449 et
562 390 633 470 iuga
648 390 732 451 laeta
746 399 843 453 tenet.

109 479 271 558 6Aspice,
294 494 382 553 quam
397 481 484 534 certo
500 472 607 533 videar
620 495 682 535 non
695 475 817 555 ligneus
832 494 887 536 ore

178 562 245 622 Nec
260 559 372 620 devota
385 558 464 618 iocis
479 557 613 635 inguinis
629 579 712 618 arma
726 578 847 638 geram,

137 644 203 707 Sed
217 644 292 704 mihi
306 650 460 723 perpetua
472 660 625 720 nunquam
640 644 789 703 moritura
804 661 951 724 cupresso

178 726 328 789 Phidiaca
341 728 442 806 rigeat
456 723 592 785 mentula
607 724 700 805 digna
712 747 812 790 manu.

135 813 260 889 Vicini,
280 829 408 889 moneo,
430 815 568 869 sanctum
584 808 743 870 celebrate
757 811 902 892 Priapum

91 908 130 962 10
177 897 220 959 nt
232 896 281 958 bis
297 894 436 976 septenis
450 893 569 973 parcite
582 895 749 973 iugeribus.

511 1027 646 1092 LXXIV.

138 1126 248 1192 Medio
266 1127 420 1189 recumbit
437 1128 516 1187 imus
530 1127 586 1188 ille
603 1129 655 1207 qui
669 1126 772 1206 lecto,

141 1211 266 1276 Calvam
277 1209 406 1272 trifilem
421 1212 599 1271 semitectus
614 1218 792 1291 unguento,
866 1220 875 1236 ⁴

137 1296 295 1375 Foditque
308 1297 407 1356 tonsis
424 1314 478 1355 ora
491 1295 558 1356 laxa
571 1294 731 1374 lentiscis,

138 1381 311 1459 Mentitur,
332 1378 524 1440 Aesculane:
546 1399 609 1439 nou
625 1380 721 1440 habet
735 1378 855 1440 dentes.

518 1513 641 1578 LXXV.

137 1616 216 1676 (lum
231 1617 329 1677 mittis
342 1615 505 1677 turdumve
519 1616 596 1675 mihi
612 1613 797 1695 quadramve
814 1611 994 1694 placentae,

180 1699 252 1760 Sive
265 1701 367 1761 femur
381 1699 517 1781 leporis,
537 1701 602 1759 sive
616 1697 690 1779 quid
705 1700 754 1759 hia
768 1696 870 1759 simile
883 1704 946 1777 est,

137 1781 300 1845 Buccellas
313 1786 434 1845 misisse
448 1791 517 1844 tuas
530 1790 580 1861 te,
603 1784 732 1862 Pontia,
753 1782 841 1847 dicis.

178 1868 244 1929 Has
259 1887 316 1948 ego
332 1889 394 1929 non
408 1870 542 1947 mittam,
563 1868 692 1947 Pontia,
715 1866 772 1929 sed
786 1886 845 1929 nec
860 1865 958 1927 edam.

375 2020 384 2035 ·
508 2002 644 2066 LXXVI.
668 2023 673 2027 ’

136 2097 193 2161 llle
208 2102 290 2160 sacri
302 2099 413 2161 lateris
428 2107 531 2162 custos
545 2101 721 2181 Martisque
736 2101 851 2179 togati,

180 2183 310 2245 (inedita
325 2186 375 2245 cui
390 2186 498 2245 summi
514 2192 615 2246 castra
628 2185 719 2245 inere
736 2183 840 2261 ducis,

130 2267 196 2329 Hic
211 2271 289 2330 situs
305 2275 355 2330 est
365 2268 493 2331 Fuscus.
524 2269 615 2330 Licet
629 2269 706 2347 hoc,
724 2267 880 2346 Fortuna,
901 2268 1013 2348 fateri,

178 2352 248 2412 Non
266 2354 357 2414 timet
370 2352 502 2414 hostiles
517 2355 577 2413 iam
591 2352 669 2432 lapis
683 2354 745 2413 iste
759 2354 866 2414 minas.

90 2437 119 2488 5
138 2435 268 2497 Grande
282 2439 385 2516 iugum
402 2436 517 2498 domita
530 2437 630 2497 Dacus
647 2439 768 2497 cervice
783 2437 906 2516 recepit

178 2521 221 2582 Et
235 2520 381 2582 famulum
396 2522 508 2582 victrix
522 2520 664 2602 possidet
678 2524 787 2583 umbra
802 2540 922 2584 nemus.

501 2634 649 2697 LXXVII.

127 2731 216 2791 (lum
232 2732 275 2792 sis
289 2739 352 2792 tam
366 2752 500 2814 pauper,
523 2754 611 2814 quam
627 2753 686 2794 nec
701 2731 888 2794 miserabilis
902 2733 984 2814 lros,

181 2814 259 2875 Tam
272 2817 408 2897 iuvenis,
431 2838 520 2898 quam
534 2837 593 2878 nec
607 2817 861 2897 Parthenopaeus
877 2824 959 2893 erat;

122 2893 215 2958 'fam
229 2899 339 2979 fortis,
362 2921 452 2982 quam
466 2921 539 2980 nec,
555 2921 622 2961 cum
635 2902 793 2981 vinceret,
816 2901 1049 2985 Artemidorus,

82 3054 87 3060 ,
180 2982 263 3059 Quid
278 2989 311 3044 te
327 2985 542 3066 Cappadocum
559 3005 612 3046 sex
628 3005 705 3046 onus
720 3005 790 3047 csse
804 2986 909 3046 iuvat?

82 3072 100 3103 ³
126 3060 266 3127 Rideris
280 3068 440 3148 multoque
454 3072 549 3151 magia
564 3070 753 3150 traducaris,
773 3071 868 3151 Afer,

180 3152 277 3226 Quam
290 3152 391 3214 nudus
405 3154 507 3216 medio
523 3157 548 3216 ai
567 3157 702 3235 spatiere
718 3157 797 3217 foro.

115 3227 206 3295 lion
221 3234 315 3298 aliter
329 3245 517 3300 monstratur
532 3239 619 3299 Atlas
636 3260 702 3299 cum
718 3242 954 3320 compareginno

180 3320 329 3402 Quaeque
343 3324 429 3384 vehit
443 3323 574 3384 similem
587 3323 678 3383 belua
692 3326 780 3403 nigra
795 3324 905 3405 libyn.

112 3393 291 3467 Invidiosa
305 3408 363 3468 tibi
379 3427 467 3487 quam
482 3410 523 3470 sit
538 3406 668 3486 lectica,
690 3409 848 3489 requiris?

82 3482 90 3512 ⁸
176 3487 247 3552 Non
263 3489 359 3553 debes
372 3492 451 3554 ferri
466 3499 605 3555 mortuus
619 3492 814 3580 hexaphoro.

111 3561 237 3631 lisura
866 3579 912 3643 m
