2370 3924
90 235 156 302 838

416 235 460 297 M.
475 233 567 298 vsi..
582 232 812 296 MAR'I'IALIS

476 437 609 501 CLXIV.
634 437 755 500 mm.

177 534 349 618 Splendida
362 555 432 596 cum
447 532 580 596 solltnnt
593 535 738 616 Spartani
750 534 895 616 pondera
910 534 1000 618 disci,

218 623 295 683 Este
308 619 434 701 procul,
455 622 562 701 pueri:
584 621 627 680 sit
646 617 744 680 semel
757 618 813 680 ille
828 636 957 684 nocens.

464 753 585 818 CLXV.
610 753 748 816 Cithara.

176 851 327 914 Reddidit
339 850 520 930 Eurydicen
532 854 611 913 veti:
633 850 690 913 sed
703 850 845 932 perdidit
858 853 941 934 ipse,

219 938 297 996 lium
312 937 371 997 sibi
385 954 448 995 non
463 935 581 1015 eredit,
601 954 662 996 nec
675 937 834 1016 patienter
846 943 941 999 amst-

491 1070 623 1133 CLXVI.
643 1070 739 1132 Idem.

176 1170 223 1230 lle
237 1171 426 1251 Pompeiano
441 1189 534 1251 saepe
550 1177 601 1231 est
613 1171 715 1230 eiecto
728 1170 852 1231 theatro

220 1254 305 1332 Quae
320 1254 407 1316 duxit
421 1254 513 1316 silvas
523 1254 718 1332 detinuitque
731 1253 826 1315 ieras.

444 1389 589 1452 CLXVII.
613 1387 781 1449 Plectrum.

175 1485 309 1548 Fervida
323 1506 363 1549 ne
377 1489 453 1548 trito
468 1488 527 1549 tibi
540 1484 658 1569 pollice
672 1483 784 1565 pusula
797 1491 922 1565 surget,

218 1572 357 1632 Exorent
372 1570 506 1633 docilem
521 1570 651 1631 candida
664 1567 785 1650 plectro
798 1566 908 1647 lyram.

457 1705 616 1768 CLXVIII.
644 1702 792 1765 Ilerdae.

176 1801 353 1864 Inducenda
364 1810 433 1865 rota
448 1812 511 1865 est:
534 1803 587 1863 das
602 1803 692 1863 nohis
706 1798 784 1861 utile
798 1821 918 1864 munus.

218 1888 280 1948 lste
295 1890 422 1948 trochus
436 1892 559 1970 pueris,
581 1887 703 1947 etmihi
718 1886 847 1947 canthus
862 1888 934 1947 erit.

490 2021 622 2083 CLXIX.
644 2021 740 2082 Idem.

176 2118 326 2182 Garrulus
341 2123 373 2182 in
386 2121 453 2182 laxo
471 2143 526 2182 cur
542 2119 650 2181 anulus
665 2123 741 2180 orbe
756 2124 908 2202 vagatur?

217 2205 316 2266 Cedet
330 2214 365 2267 ut
379 2208 494 2285 argutis
510 2208 597 2266 obvie
612 2207 702 2265 turba
717 2208 844 2266 trochis.

310 2342 427 2402 CLXX.
451 2340 584 2423 Signum
605 2339 758 2402 Victoriae
774 2361 915 2403 caream.

175 2441 261 2501 llaec
275 2441 325 2503 illi
340 2445 407 2503 sine
423 2450 507 2503 sorte
524 2443 629 2517 datur,
651 2443 701 2501 cui
714 2442 839 2502 nomine
852 2442 981 2502 Rhenus

216 2526 300 2589 Vera
316 2526 412 2586 dedit.
442 2529 575 2586 Deciens
591 2524 670 2586 adde
684 2524 833 2603 Falerna,
854 2545 943 2605 puer.

323 2662 453 2723 CLXXI.
475 2653 630 2742 Βρούτου
646 2656 898 2739 aaada'ovstctile.

174 2761 283 2824 Gloria
297 2771 359 2824 tem
373 2767 460 2845 porri
475 2785 537 2824 non
552 2770 601 2824 est
615 2766 744 2824 obscuro
760 2759 871 2840 sigilli:

214 2848 306 2908 Istius
320 2851 411 2929 pueri
425 2851 539 2908 Brutus
555 2854 671 2908 amator
686 2851 762 2907 eret.

313 2984 458 3045 CLXXII.
480 2980 696 3043 Sauroctonos
713 2980 904 3042 Corinthiae.

173 3080 224 3141 Ad
238 3087 270 3142 te
285 3085 439 3164 reptenti,
460 3102 539 3163 puer
553 3082 719 3160 insidiose,
741 3081 879 3143 lacertae

214 3165 328 3243 Perce5
351 3169 436 3247 cupIt
450 3166 555 3246 digitis
569 3164 624 3226 ills
637 3168 744 3246 perlre
759 3169 831 3228 tuis.

267 3300 425 3367 CLXXIII.
449 3301 649 3384 Hyacinthus
664 3303 698 3361 ia
713 3301 823 3363 tabula
836 3303 952 3382 pictus.

171 3399 289 3464 Flectit
304 3404 340 3462 ab
356 3404 453 3463 inviso
469 3405 632 3465 morientia
646 3402 763 3464 lumina
778 3400 864 3462 disco

214 3484 378 3570 Oebalius,
400 3488 522 3551 Phoebi
535 3486 626 3569 culpe
640 3486 809 3566 dolorque,
828 3501 918 3567 puer.
