2370 3924
303 231 643 326 nmcaamma'ron
656 232 730 294 nm
746 190 810 293 111(
937 224 939 227 ’
1030 234 1071 300 75

113 386 213 450 Vinea
229 382 311 465 qnod
322 385 430 463 primis
446 403 513 442 cum
527 385 622 444 floret
638 404 714 445 cana
727 387 874 464 racemis,

156 469 302 530 Gramina
317 466 400 546 quod
415 466 578 545 redolent,
600 487 678 546 quae
693 468 783 528 modo
799 470 915 550 carpsit
932 471 1016 547 ovis3

91 552 206 631 5Quod
221 557 355 632 myrtus,
379 550 462 630 qnod
474 569 594 611 messor
608 552 723 630 Arabs,
745 552 827 631 quod
842 554 1051 634 sucina'trita‚

154 635 293 698 Pallidus
308 636 375 696 Eoo
390 643 460 694 ture
476 634 559 714 qnod
571 637 651 714 ignis
667 634 750 710 olet;

113 720 215 783 Gleba
230 718 313 800 qnod
327 720 443 779 aestivo
458 717 571 779 leviter
587 739 655 780 cum
670 720 825 800 spargitur
838 721 956 799 imbre,
1069 672 1079 783 l
1087 700 1111 745 t

155 803 245 881 Quod
263 801 400 863 madidas
413 802 511 862 nardo
529 823 618 883 passa
633 823 747 862 corona
761 823 877 863 comas:
1063 791 1072 863 l

112 889 182 949 Hoc
196 893 264 966 tua,
287 905 377 947 saeve
390 905 471 967 puer
484 886 692 965 Diadumeno,
713 889 798 947 basia
811 887 959 966 fragrant.

75 983 106 1036 io
154 971 251 1050 Quid,
273 973 301 1031 si
317 975 383 1030 tota
398 969 489 1029 dares
503 969 560 1030 illa
577 973 644 1031 sine
658 970 796 1030 invidiae
1016 1027 1022 1036 ,
1051 870 1066 1061 d

493 1103 599 1166 LXVl

114 1217 176 1278 Par
192 1216 294 1279 scelus
310 1215 433 1276 admisit
446 1216 569 1276 Phariis
585 1217 737 1278 Antonius
752 1219 859 1277 armis:

103 1352 109 1357 .
157 1301 300 1363 Abscidit
313 1298 414 1360 voltus
429 1301 512 1359 ensis
524 1307 657 1381 uterque
672 1321 785 1362 sacros.

113 1382 210 1464 lllud,
231 1383 403 1463 laurigeros
419 1403 528 1463 ageres
543 1404 612 1444 cum
625 1384 710 1445 laeta
723 1386 912 1466 triumphos,

155 1468 224 1529 Hoc
238 1471 314 1546 tibi,
336 1469 447 1546 Roma,
471 1475 577 1549 caput,
599 1489 666 1528 curn
681 1470 872 1547 loquereris,
895 1474 971 1530 erat.

91 1553 229 1614 5Antoni
243 1559 346 1613 tamen
361 1558 409 1612 est
423 1553 528 1631 peior,
551 1572 640 1631 quam
656 1571 745 1612 causa
758 1553 899 1613 Pothini:

155 1636 217 1696 Hic
231 1638 350 1697 facinus
366 1635 489 1695 domino
504 1637 679 1716 praestitit,
699 1635 755 1696 ille
771 1637 839 1698 sibi.

491 1770 610 1832 LXVII.

114 1883 267 1960 Cessatis,
289 1880 394 1961 pueri,
416 1880 556 1961 nihilque
570 1883 686 1961 nostis,

114 1966 254 2029 Vaterno
268 1965 442 2043 Rasinaque
456 1966 627 2045 pigriores,

114 2050 251 2126 Quorum
265 2066 322 2129 per
337 2048 412 2108 vada
425 2048 513 2108 tarda
526 2051 703 2127 navigantes

114 2134 232 2193 Lentos
249 2133 368 2210 tingitis
385 2130 422 2191 ad
439 2130 578 2192 celeuma
591 2151 703 2193 remos.

94 2218 179 2279 olam
193 2235 292 2298 prono
306 2216 503 2277 Phaethonte
520 2215 611 2276 sudat
624 2216 749 2276 Aethon

112 2303 298 2379 Exarsitque
315 2298 398 2372 dies,
420 2307 453 2360 et
467 2301 546 2360 hora
556 2298 656 2360 lassos

113 2385 300 2462 Interiungit
315 2403 411 2462 equos
425 2383 605 2446 meridiana.

114 2470 157 2529 At
172 2488 225 2529 vos
239 2474 301 2527 tarn
314 2465 450 2548 placidas
465 2470 533 2547 vagi
546 2487 604 2549 per
617 2467 714 2528 undas

115 2552 198 2612 Tuta
210 2550 318 2611 luditis
332 2553 428 2611 otium
442 2553 554 2613 carina.
800 2548 803 2555 ’
1044 2598 1052 2621 ,,

89 2636 184 2699 0Non
198 2641 304 2697 nautas
317 2642 393 2717 puto
408 2655 478 2715 vos,
499 2634 555 2696 red
570 2637 771 2715 Argonautas.
1002 2624 1044 2754 ql
1064 2684 1067 2688 ,

490 2767 623 2831 LXVlll.

115 2883 185 2942 Huc
201 2890 361 2963 estusque
375 2886 435 2945 tibi
450 2885 600 2963 scriptus,
614 2889 768 2961 matrona,
781 2879 918 2943 libellus.

159 2967 218 3027 cui
234 2969 297 3027 sint
312 2971 428 3049 scripta
440 2987 530 3046 rogas
545 2968 718 3028 interiora?
738 2968 822 3028 mihi.

116 3050 332 3130 Gymnasium,
354 3054 512 3131 thermae,
535 3052 665 3112 stadium
681 3058 730 3112 est
746 3053 804 3112 hac
817 3056 923 3133 parte:
945 3047 1069 3111 recede.

156 3135 319 3195 Exnimur:
342 3136 440 3196 nudos
454 3156 548 3217 parce
562 3136 669 3197 videre
683 3137 776 3201 viros.

93 3217 200 3279 5Hinc
214 3220 274 3278 iam
289 3218 431 3300 deposito
446 3226 518 3301 post
533 3222 603 3280 rina
616 3238 764 3298 rosasque
780 3219 900 3300 pudore

160 3301 242 3378 Quid
256 3302 355 3382 dicat,
377 3304 479 3364 nescit
493 3306 594 3364 saucia
610 3300 836 3384 Terpsichore:

115 3383 281 3447 Schemate
296 3406 354 3448 nec
369 3386 479 3467 dnbio,
501 3387 558 3449 sed
572 3395 681 3468 aperte
697 3389 834 3447 nominat
847 3385 945 3464 illam,

160 3469 258 3545 Quam
276 3473 390 3553 recipit
404 3479 491 3532 sexto
506 3491 613 3533 mense
629 3473 764 3556 superba
776 3471 907 3549 Venus,
986 3511 997 3522 -
1060 3469 1064 3472 ’
