2370 3924
275 221 615 283 EPIGRAMMATON
628 221 701 283 LIB.
717 222 793 282 Xlll.

416 424 466 485 XI.
491 426 665 486 Hordeum.

99 538 201 601 Mulio
218 537 302 620 quod
315 557 378 599 uon
393 537 448 597 det
460 539 618 616 taciturn,
641 538 763 617 accipe,
785 537 885 601 mulis.

133 624 230 701 ,Haec
246 641 303 700 ego
318 623 445 702 conoul,
465 641 527 681 non
543 623 616 699 tibi,
638 618 719 681 (lona
735 618 817 718 (ledi,

385 755 449 816 XII.
471 755 690 816 Frumentum.

104 854 296 914 Tercentum
312 854 421 932 Libyci
435 852 555 913 modios
570 852 609 913 de
623 869 723 912 messe
739 848 840 912 coloni

142 937 252 1015 Sume,
275 938 466 998 suburbanus
480 946 521 997 ne
535 939 685 997 moriatur
699 953 781 1014 ager.

430 1071 510 1131 XIII.
534 1071 644 1131 Betae.

99 1167 144 1227 Ut
159 1167 279 1246 sapiant
293 1167 413 1246 fatuae,
434 1168 593 1227 fabrorum
606 1165 754 1245 prandia,
775 1167 886 1244 betae,

144 1250 171 1310 0
187 1269 384 1331 quamsaepe
401 1257 490 1331 petet
506 1251 576 1312 vina
590 1251 742 1330 piperque
758 1251 864 1310 cocus!

412 1384 491 1447 XIV.
516 1385 668 1445 Luctuco.

101 1479 239 1541 Cludere
254 1500 332 1561 quae
347 1501 438 1542 cenas
451 1481 574 1543 lactuca
587 1480 708 1543 solebat
723 1498 863 1556 avorum,
973 1523 975 1527 -

143 1565 201 1625 Ille
214 1566 306 1644 mihi,
328 1586 382 1626 cur
396 1571 518 1626 nostras
530 1567 656 1627 inchoat
668 1562 725 1624 illa
741 1562 858 1644 dapes?

370 1699 436 1761 XV.
459 1699 564 1781 Ligno
579 1718 711 1778 acapna.

99 1812 135 1873 si
145 1813 244 1872 vicina
259 1813 316 1872 tibi
330 1812 482 1872 Nomento
497 1830 570 1871 rura
585 1809 743 1888 colantur,
765 1856 767 1862 .

142 1894 192 1955 Ad
205 1895 307 1955 viIIam
324 1915 450 1973 moneo,
472 1897 605 1971 rustice,
626 1893 710 1972 ligna
726 1894 818 1953 feras.

436 2030 516 2092 XVI.
539 2028 640 2108 Rapo.

102 2127 191 2187 Ilaec
206 2127 266 2186 tibi
281 2127 411 2187 brumali
427 2125 590 2207 gaudentia
603 2126 722 2202 frigore
736 2145 811 2203 rapa

145 2212 230 2288 Quae
248 2209 368 2288 (lamus,
390 2214 422 2270 in
438 2210 522 2269 caelo
537 2206 687 2269 Romulus
702 2225 772 2267 esse
788 2205 878 2267 solet.

346 2344 439 2407 XVII.
464 2343 581 2403 Focooa
595 2341 726 2402 coliculi.

100 2441 147 2500 Ne
162 2442 220 2501 tibi
236 2439 392 2520 pallentes
406 2446 548 2506 moveant
562 2438 687 2499 fastidia
702 2437 821 2516 caules,

142 2524 262 2584 Nitrata
277 2524 384 2585 viridis
401 2526 535 2585 brassica
551 2526 605 2583 fiat
620 2543 706 2603 aqua.
823 2554 824 2559 κ

363 2654 469 2715 XVIII.
492 2655 584 2714 Porri
595 2656 711 2713 sectivi.

101 2745 171 2807 Fila
187 2749 350 2811 Tarentini
366 2753 501 2828 graviter
516 2748 693 2809 redolentia
707 2749 793 2829 porri

141 2830 243 2892 Edisti
259 2836 418 2912 quotiens,
441 2832 543 2893 osculo
559 2833 642 2892 clusa
658 2832 738 2892 dato.

365 2957 445 3020 XIX.
467 2958 557 3019 Porri
570 2961 710 3041 capitati.

101 3055 203 3115 Mittit
217 3057 400 3135 praecipuos
414 3054 579 3115 nemoralis
599 3057 704 3115 Aricia
717 3071 837 3134 porros.

143 3140 179 3198 ln
192 3140 283 3198 niveo
298 3137 413 3198 virides
428 3141 535 3219 stipite
550 3158 644 3199 cerne
659 3158 768 3198 comas.

449 3273 514 3332 XX.
538 3268 629 3350 Napi.

100 3370 167 3429 llos
183 3371 362 3428 Amiternus
379 3388 452 3446 ager
466 3367 611 3428 felicibus
627 3367 737 3428 educat
752 3368 872 3429 hortisa

147 3454 295 3512 Nursinas
310 3454 428 3533 poteris
442 3453 565 3532 parcius
581 3470 650 3512 esse
669 3449 754 3532 pilas.

986 177 1060 282 'eoo
