2370 3924
343 236 683 298 EPIGRAMMATON
698 238 773 301 LlB.
792 239 827 300 ll.
1063 234 1105 302 43

565 437 603 498 X.

144 549 237 610 Basia
255 547 382 609 dimidio
402 546 485 628 quod
502 547 556 610 des
573 550 665 629 mihi,
685 549 849 629 Postume,
869 549 979 634 labro,

187 630 312 694 Laudo:
332 630 410 692 lieet
430 631 534 693 demas
550 633 623 694 hine
642 652 764 713 quoque
783 633 951 697 dimidium.
979 668 983 673 ’

145 717 203 780 vis
221 715 297 777 dure
315 717 411 777 moius
429 714 529 777 adhue
547 722 580 778 et
596 715 807 780 inenarrabile
825 737 952 800 munus,

101 823 104 829 ·
186 801 258 862 Hoe
274 801 333 862 tibi
350 801 431 861 hehe
448 806 563 880 totum,
584 801 746 879 Postume,
770 799 938 864 dimidium.

553 935 597 996 XI

144 1043 236 1123 Quod
251 1045 358 1105 fronte
375 1044 492 1106 Selium
507 1044 612 1107 nubilo
630 1044 733 1125 vides,
755 1046 854 1127 Rufe,

145 1127 237 1206 Quod
254 1127 426 1190 ambulator
442 1131 598 1211 porticum
616 1131 693 1192 terit
710 1149 827 1209 serum,

142 1212 291 1292 Lugubre
310 1211 455 1293 quiddam
475 1213 558 1294 quod
574 1220 659 1274 tacet
673 1215 763 1295 piger
779 1213 900 1296 vultus,

144 1295 235 1374 Quod
251 1315 352 1377 paene
369 1303 484 1358 terrum
500 1316 592 1358 nasus
608 1295 757 1358 indecens
775 1301 892 1380 tangit,

116 1380 232 1458 5Quod
251 1381 359 1441 dextre
375 1387 484 1462 peetus
500 1380 603 1462 pulset
619 1387 653 1442 et
671 1401 787 1443 eomom
802 1381 908 1445 vellit:

142 1465 213 1525 Non
225 1462 282 1524 ifle
301 1465 390 1525 smioi
406 1465 470 1524 loto
485 1462 574 1543 luget
590 1472 643 1525 sut
657 1465 781 1546 fratris,

143 1548 285 1629 Uterque
300 1555 390 1609 nutus
409 1549 485 1608 vivit
501 1554 534 1608 et
549 1566 664 1628 precor
672 1550 778 1628 siuet,

145 1630 236 1692 Solva
257 1638 306 1693 est
325 1639 358 1692 et
374 1652 452 1693 uxor
470 1632 671 1711 sarcinaeque
690 1634 850 1713 servique,

142 1712 230 1776 Nihil
249 1715 376 1776 eolouus
395 1713 567 1796 vilicusque
585 1713 715 1776 decoxit.

98 1799 298 1863 loliseroris
313 1801 410 1878 igitur
426 1819 516 1860 causo
535 1799 637 1879 quae?
672 1799 760 1861 Domi
778 1805 878 1860 eenst.

547 1946 603 2008 xil

141 2060 220 2121 Esse
236 2058 310 2139 quid
325 2062 386 2121 hoe
404 2058 518 2139 dicum,
540 2059 623 2141 quod
638 2059 725 2121 olent
740 2066 793 2120 tue
804 2060 890 2136 bosio
901 2059 1056 2138 myrthum

184 2143 337 2224 Quodque
347 2145 406 2205 tibi
418 2150 467 2205 est
477 2164 631 2223 uunquam
642 2163 706 2203 non
717 2141 838 2204 alienus
851 2140 951 2202 odori

141 2228 211 2289 lloo
232 2229 309 2289 mihi
332 2233 508 2309 suspectum
531 2234 596 2307 est,
621 2225 704 2307 quod
729 2227 795 2288 oles
819 2227 919 2304 boue,
942 2224 1099 2304 Postume,
1143 2221 1160 2276 Ε

182 2394 346 2475 Postume,
368 2415 431 2457 non
451 2329 617 2457 bselunelpdlret
636 2395 689 2476 qui
707 2395 788 2455 bene
807 2411 930 2473 semper
947 2390 1022 2457 olet,

536 2528 614 2590 Xlll.

138 2637 181 2701 io
195 2637 294 2701 iudex,
304 2639 386 2720 petit
402 2626 436 2700 et
451 2640 533 2721 petit
548 2646 707 2721 petronus.

139 2721 248 2785 Solvas
266 2741 396 2804 censeo,
417 2722 710 2824 Sexteuereditori.

535 2854 615 2917 XIV.

138 2966 193 3029 Nil
209 2969 425 3050 intemptatum
442 2966 560 3048 Selius,
580 2967 627 3030 ull
643 2966 757 3050 linquit
772 2964 928 3050 inausum,

181 3051 522 3132 Genoudum'quotiens
538 3054 599 3114 ium
615 3053 701 3115 ridet
718 3071 787 3114 esse
808 3051 899 3115 domi.

137 3134 247 3198 Currit
263 3135 301 3196 od
318 3137 465 3217 Europen
485 3143 517 3198 et
534 3144 582 3216 te,
603 3137 748 3216 Pauline,
770 3143 902 3218 tuosque

179 3218 300 3282 Loudot
316 3218 494 3300 Achilleos,
516 3220 573 3283 sed
590 3222 658 3282 siue
675 3222 754 3302 fine,
776 3220 884 3302 pedes.

113 3301 173 3368 bSi
189 3301 271 3364 nihil
286 3305 412 3384 Europe
428 3305 521 3384 feeit,
541 3312 607 3367 tum
624 3305 720 3388 Septa
736 3311 901 3386 petuntur,

179 3386 213 3447 Si
232 3387 308 3469 quid
323 3387 504 3468 Philyrides
519 3396 660 3471 praestet
675 3395 708 3451 et
724 3387 908 3451 Aesonides.

134 3471 219 3535 Hine
238 3491 361 3554 quoque
380 3471 529 3555 deeeptus
546 3475 751 3558 Memphitiou
765 3471 890 3558 temqlo
901 3472 1113 3552 mequomo„
