2370 3924
90 232 153 300 2'24
407 234 451 296 M.
469 234 562 298 VAL.
579 235 805 296 MARTIALIS

171 387 335 468 Rumpitur
348 383 479 464 invidia,
502 384 585 465 qnod
599 406 666 448 sum
679 387 830 450 iucundus
846 392 976 474 amicis,

131 483 164 536 ιο
213 469 302 548 Quod
317 471 442 531 conviva
456 470 620 550 frequens,
641 474 794 554 rumpitur
808 473 938 538 invidia.

170 557 334 636 Rumpitur
347 553 477 632 invidia,
500 553 583 633 qnod
598 574 733 616 amamur
748 555 895 639 quodque
910 563 1099 642 probamur:

212 640 397 720 Rumpatur,
420 637 558 718 quisquis
572 640 724 720 rumpitur
740 640 866 707 invidia.

541 772 675 837 xcviii.

169 887 400 951 Vindemiarum
413 907 475 947 non
490 889 605 967 ubique
618 895 788 969 proventus

169 973 325 1051 cessavit,
346 970 453 1046 Ovidi;
475 970 576 1051 pluvia
590 972 709 1053 proluit
723 972 858 1050 grandis.

168 1058 300 1118 Centum
315 1057 453 1117 Coranus
469 1056 629 1136 amphoras
645 1074 743 1136 aquae
757 1056 855 1120 iecit.¹

551 1189 658 1251 xclx.

168 1304 292 1366 Marcus
308 1310 388 1365 amat
401 1309 522 1365 nostras
538 1303 706 1382 Antonius,
727 1303 848 1381 Attice,
868 1304 1001 1386 Musas,

210 1390 325 1450 Charta
340 1388 498 1449 salutatrix
512 1388 538 1446 si
553 1386 644 1447 modo
659 1406 733 1449 vera
747 1386 863 1447 refert:

166 1472 290 1534 Marcus
305 1470 463 1533 Palladiae
475 1490 537 1531 non
552 1469 716 1531 inficianda
731 1469 866 1531 Tolosae

209 1556 333 1637 Gloria,
356 1575 447 1636 quem
462 1556 568 1635 genuit
581 1556 666 1636 pacis
681 1553 802 1614 alumna
817 1554 917 1634 quies.

144 1640 218 1704 5Tu
233 1643 285 1722 qni
298 1639 391 1721 longa
404 1647 494 1722 potes
510 1636 671 1720 dispendia
684 1639 771 1699 ferre
786 1639 920 1720 viarum,

208 1726 236 1803 1,
257 1725 356 1805 liber,
379 1725 514 1786 absentis
528 1725 640 1804 pignus
653 1724 815 1784 amicitiae.

166 1808 246 1872 Vilis
262 1829 348 1888 eras,
370 1810 488 1885 fateor,
510 1809 583 1867 site
599 1826 681 1867 nunc
696 1808 836 1866 mitteret
850 1813 997 1887 emptor:

208 1893 333 1954 Grande
348 1894 393 1954 tui
406 1895 541 1974 pretium
556 1891 691 1951 muneris
706 1897 812 1950 auctor
830 1891 901 1950 erit.

165 1976 315 2056 Multum,
338 1976 432 2037 crede
447 1977 537 2056 mibi,
559 1975 675 2053 refert,
698 1975 817 2034 alonte
831 1975 959 2036 bibatur

124 2070 156 2122 10
205 2063 289 2139 Quae
304 2062 388 2140 tluit,
412 2081 448 2121 an
463 2061 552 2141 pigro
568 2077 646 2139 quae
662 2065 766 2139 stupet
779 2057 860 2119 unda
872 2055 957 2122 laeu'.

579 2194 612 2254 G.

164 2309 294 2369 Denaris
309 2310 409 2370 tribus
426 2309 536 2368 invitas
551 2314 584 2367 et
598 2326 685 2367 mane
702 2311 838 2386 togatum

206 2393 379 2452 Observare
393 2393 481 2452 iubes
497 2393 589 2469 atria,
608 2391 718 2469 Basse,
741 2397 808 2450 tua:

163 2475 284 2535 Deinde
301 2477 434 2535 haerere
449 2481 501 2535 tuo
515 2475 624 2552 lateri,
643 2473 835 2555 praecedere
852 2470 982 2554 sellam,

204 2558 255 2619 Ad
268 2557 386 2620 vetulas
402 2566 502 2619 tecum
516 2556 587 2638 plns
602 2560 701 2619 minus
717 2560 765 2618 ire
780 2557 898 2619 decem.

140 2642 253 2706 5Trita
268 2643 392 2724 quidem
406 2643 495 2703 nobis
509 2640 613 2722 togula
627 2650 676 2703 est
688 2642 818 2722 vilisque
833 2645 1006 2722 vetusque:

204 2729 334 2789 Denaris
349 2735 450 2790 tamen
463 2729 542 2787 hanc
556 2747 619 2787 non
635 2746 721 2806 emo,
742 2726 852 2805 Basse,
874 2727 989 2787 tribus.

575 2862 623 2922 Cl.

160 2975 276 3057 Appia,
299 2994 387 3054 quam
401 2972 493 3034 simili
508 2972 700 3034 venerandus
714 2974 747 3033 in
761 2971 898 3035 Hercule
913 2973 1035 3036 Caesar

204 3060 389 3136 Consecrat,
412 3059 566 3118 Ausoniae
581 3059 709 3117 maxima
723 3058 804 3117 fama
817 3058 900 3136 viae,

161 3142 195 3204 Si
211 3144 297 3222 cupis
311 3140 441 3203 Alcidae
457 3161 645 3223 cognoscere
661 3142 742 3202 facta
756 3142 887 3223 prioris,

202 3228 310 3287 Disce:
331 3227 432 3306 Libyn
448 3223 581 3304 domuit,
604 3245 696 3286 aurea
709 3246 799 3307 poma
814 3225 904 3303 tulit3

139 3310 315 3372 bPeltatam
331 3310 475 3390 Scythico
492 3310 637 3371 discinxit
653 3311 806 3370 Amazona
821 3309 920 3388 nodo,

201 3392 332 3456 Addidit
346 3395 479 3456 Arcadio
495 3401 582 3474 terga
595 3392 698 3456 leonis
714 3415 806 3476 apro:

154 3477 347 3567 Aeripedem
361 3479 444 3542 silvis
460 3498 595 3559 cervam,
614 3475 842 3559 Stymphalidas
858 3479 951 3540 astris
