2370 3924
88 249 149 315 les
412 249 458 313 M.
474 248 567 312 VAL.
581 248 807 310 MAR'l'lALlS

171 403 240 463 Non
254 403 459 462 Athamanteo
473 402 576 480 potins
590 419 640 461 me
655 402 750 461 mirer
764 402 797 460 in
813 422 906 483 auro,

129 497 165 550 20
212 485 354 547 Aeolium
371 484 467 544 dones
482 486 509 543 si
523 486 615 563 mihi,
635 485 766 564 Phrixe,
787 504 893 566 peeus.

173 571 200 632 0
216 575 345 650 quantos
362 570 442 629 risus
456 570 576 648 pariter
591 573 730 649 spectata
745 571 884 632 movebit

214 656 291 715 Cum
302 652 441 713 Palatina
455 658 561 712 nostra
573 652 699 713 lacerna
714 654 800 732 toga!

555 785 663 848 XXlX.

171 900 310 961 Disticha
326 898 379 977 qui
392 897 517 975 scribit,
538 904 630 978 puto,
651 896 718 957 volt
731 898 886 960 brevitate
900 900 1042 981 plaeere.

216 982 298 1061 Quid
310 980 441 1062 prodest
456 983 609 1059 brevitas,
632 980 683 1041 die
697 981 790 1060 mibi,
811 982 839 1042 si
852 980 940 1044 liber
954 988 1030 1048 est?

453 1158 455 1162 ι
558 1114 653 1176 XXX.

172 1230 231 1307 Qui
244 1250 325 1291 nune
340 1231 511 1291 Caesareae
525 1230 610 1290 lusus
625 1237 784 1310 spectatur
798 1233 956 1312 harenae,

216 1314 422 1395 Temporibus
437 1315 527 1374 Bruti
542 1313 640 1392 gloria
655 1334 770 1374 summa
784 1315 855 1378 fuit.

172 1399 311 1478 Aspicis,
334 1403 368 1458 ut
381 1404 489 1459 teneat
503 1399 639 1458 flammas
652 1417 815 1478 poenaque
829 1399 957 1461 fruatur

213 1482 318 1544 Fortis
334 1488 367 1543 et
380 1483 510 1544 attonito
525 1487 639 1560 regnet
654 1483 687 1542 in
701 1484 773 1561 igue
788 1483 911 1544 manus!

151 1567 242 1648 blpse
259 1569 307 1627 sui
322 1573 479 1649 spectator
492 1566 581 1626 adest
596 1572 629 1625 et
643 1565 748 1626 nobile
764 1566 893 1627 dextrae

212 1652 317 1712 Funus
334 1657 430 1711 amat:
451 1651 527 1711 totis
541 1651 680 1730 pascitur
694 1649 751 1709 illa
766 1651 870 1711 sacris.

173 1733 263 1811 Quod
276 1736 337 1795 nisi
354 1741 442 1815 rapta
456 1735 541 1794 foret
554 1732 676 1794 nolenti
689 1752 806 1815 poena,
827 1734 963 1815 parabat

214 1819 340 1879 Saevior
354 1819 386 1877 in
400 1817 499 1878 lassos
513 1820 561 1877 ire
575 1819 702 1877 sinistra
716 1819 812 1880 focos.
886 1850 891 1863 ‹

173 1901 260 1962 Scire
275 1904 361 1982 piget
375 1908 446 1981 post
461 1901 523 1962 tale
539 1902 649 1980 decus,
672 1901 747 1981 quid
760 1903 874 1962 feeerit
889 1909 983 1964 ante:

130 1995 165 2047 lo
213 1987 309 2061 Quam
320 1984 401 2064 vidi,
422 1987 496 2045 satis
512 1992 560 2046 est
574 1987 652 2045 hane
666 1987 741 2045 mihi
756 2004 847 2045 nosse
863 2005 1000 2049 manum.

557 2137 665 2196 XXXI.

171 2248 284 2310 Nescio
301 2246 375 2327 quid
390 2247 429 2309 de
444 2255 477 2309 te
491 2269 553 2309 non
567 2249 669 2330 belle,
690 2252 808 2327 Dente,
830 2251 961 2329 fateris,

215 2333 354 2411 Coniuge
370 2334 421 2412 qui
438 2333 528 2394 dueta
542 2335 610 2395 iura
624 2341 754 2418 paterna
767 2336 858 2414 petis.

173 2415 237 2476 Sed
251 2418 311 2476 iam
325 2414 516 2496 supplicibus
533 2416 688 2478 dominum
701 2418 818 2479 lassare
831 2415 955 2478 libellis

214 2499 329 2559 Desine
344 2505 377 2558 et
391 2500 424 2558 in
438 2502 568 2579 patriam
583 2520 670 2561 serus
687 2505 722 2563 ab
738 2504 816 2562 urbe
830 2501 909 2562 redi.

150 2581 247 2644 bNam
264 2580 335 2642 dum
348 2588 381 2641 tu
396 2582 488 2661 longe
504 2581 630 2645 deserta
642 2605 738 2647 uxore
753 2586 868 2666 diuque

217 2667 299 2727 Tres
315 2669 438 2747 quaeris
451 2674 556 2745 natos,
580 2676 724 2746 quattuor
737 2672 886 2732 invenies.

550 2803 673 2866 XXXll.

172 2916 254 2976 Adra
268 2935 326 2997 per
340 2920 467 2978 tacitum
482 2916 608 2996 delapsa
622 2917 761 2978 sedentis
776 2919 808 2977 in
822 2919 907 2998 ipsos

213 2998 320 3060 Fluxit
334 2999 496 3060 Aretullae
511 2999 625 3061 blanda
640 3001 779 3062 columba
794 3003 888 3061 sinus.

169 3080 303 3143 Luserat
316 3084 377 3143 hoe
391 3102 495 3160 ossus,
516 3084 577 3143 nisi
592 3085 787 3148 inobservata
801 3097 944 3145 maneret

213 3165 430 3245 Permissaque
445 3168 505 3227 sibl
519 3164 621 3227 nollet
635 3170 721 3229 abire
735 3170 817 3249 fuga.

149 3247 207 3310 ssi
221 3248 351 3311 meliora
363 3251 434 3330 piae
448 3252 494 3311 fas
510 3259 558 3312 est
571 3272 698 3332 sperare
713 3255 814 3314 sorori

212 3333 256 3395 ut
270 3331 425 3394 dominum
439 3336 546 3396 mundi
560 3338 691 3397 flectere
704 3344 775 3398 vota
789 3339 909 3415 valent,

170 3415 258 3477 Haeo
272 3437 290 3476 a
306 3415 433 3478 Sardois
447 3421 505 3480 tibi
518 3421 650 3481 forsitan
664 3421 763 3482 exulis
778 3424 857 3500 oris,

209 3498 326 3565 Fratre
339 3520 522 3583 reversuro,
541 3507 654 3565 nuneia
665 3507 750 3566 uenit
765 3507 837 3566 avis.
