2370 3924
492 240 537 303 M.
553 238 645 304 VAL.
660 239 888 302 MARTIALIS

677 443 713 506 11.

250 559 414 619 Fastorum
429 558 552 636 genitor
566 574 742 637 parensque
758 556 847 618 lanus

251 642 413 707 Victorem
426 641 517 701 modo
536 661 603 700 cum
618 639 742 700 videret
755 640 874 720 llistri,

252 725 316 784 'lot
329 723 431 785 voltus
446 726 506 787 sibi
518 744 581 784 uon
597 725 670 784 satis
686 725 804 804 putavit

250 810 441 889 Optavitque
457 807 562 868 oculor
575 809 693 868 habere
709 808 832 889 plures:

229 892 294 954 aut
306 890 411 970 lingua
423 893 542 973 pariter
556 890 677 952 locutus
692 893 775 952 omui

252 976 422 1036 Terrarum
438 975 561 1035 domino
578 975 700 1056 deoque
715 995 821 1037 rerum

248 1060 398 1120 Promisit
411 1057 531 1139 Pyliam
547 1065 657 1139 quater
672 1066 837 1120 senectam.

249 1140 371 1222 Addas,
392 1143 464 1203 lane
478 1149 586 1225 pater,
606 1150 691 1204 tuam
705 1162 855 1222 rogamus.

663 1279 713 1338 ΠΙ.

248 1389 414 1469 „Quinque
429 1391 504 1461 sutis
517 1390 659 1450 fueraut:
678 1408 749 1448 uam
764 1406 818 1449 sex
833 1392 992 1469 septemve
1010 1387 1119 1453 libelli

289 1475 347 1535 Est
361 1474 502 1534 nimium:
525 1473 599 1554 quid
614 1472 714 1534 adhuc
728 1473 855 1552 ludere,
876 1473 981 1551 Musa,
1004 1475 1118 1537 iurat?

248 1557 297 1619 Sit
309 1557 411 1639 pudor
426 1564 459 1618 et
472 1559 559 1619 finis:
581 1560 642 1618 iam
656 1558 726 1639 plus
740 1557 819 1617 nihil
832 1554 949 1616 addere
968 1559 1062 1620 uobis

170 1654 174 1659 ’
290 1641 384 1702 Fama
397 1648 520 1723 potest:
542 1643 658 1703 teritur
673 1648 781 1702 noster
794 1642 909 1719 ubique
923 1636 1027 1718 Iiber3

174 1724 180 1795 ἱ,
225 1726 289 1787 aut
305 1745 373 1786 cum
387 1732 477 1807 rupta
492 1728 554 1787 situ
568 1723 724 1787 Messalae
741 1745 812 1785 saxa
825 1727 972 1787 iacebunt

96 1872 102 1891 ⁸
289 1808 424 1887 Altaque
440 1830 509 1870 curn
522 1810 623 1871 Licini
637 1829 790 1869 marmora
805 1806 904 1889 pulvis
919 1815 1029 1889 eruut,

98 1914 103 1922 ·
246 1892 301 1953 Me
316 1899 418 1952 tamen
434 1914 487 1953 ora
501 1892 609 1972 legent
623 1900 656 1954 et
670 1913 773 1954 secum
790 1892 942 1974 plurimus
957 1894 1076 1978 hospes

176 1992 180 2043 ‚·
288 1976 338 2036 Ad
351 1979 467 2056 patrias
482 1977 574 2037 sedes
587 1980 721 2038 carmina
735 1985 842 2037 nostra
856 1977 971 2037 feret.“

146 2124 178 2139 Ι,
246 2060 422 2139 Finieram,
443 2081 510 2121 cum
527 2063 572 2121 sic
586 2060 843 2143 respoudituoua
857 2080 1016 2141 sororum,
1056 2074 1059 2078 ’
1110 2098 1113 2105 -

172 2150 178 2167 ‘
205 2156 239 2207 10
288 2145 346 2206 cui
363 2165 448 2204 coma
463 2151 495 2205 et
509 2152 666 2224 unguento
683 2143 808 2205 sordida
822 2146 917 2203 vestis
932 2152 1018 2205 erat:

247 2228 361 2309 „Tune
374 2236 464 2310 potes
480 2228 605 2308 dulces,
627 2231 766 2308 ingrate,
787 2226 968 2306 relinquere
981 2233 1109 2310 nugas‘i

288 2314 345 2374 Dic
361 2315 453 2392 mihi,
475 2313 550 2393 quid
563 2312 672 2373 melius
688 2310 862 2373 desidiosus
878 2313 972 2390 ages?

247 2397 294 2455 An
310 2399 393 2456 iuvat
407 2395 445 2456 ad
460 2399 594 2475 tragicos
610 2417 733 2457 soccum
746 2397 920 2456 transferre
936 2397 1130 2481 cothurnos,

289 2481 409 2559 Aspera
420 2478 611 2561 velparibus
625 2479 709 2541 bella
724 2489 834 2541 tonare
850 2479 966 2559 modis,

203 2561 410 2641 15Praelegat
427 2569 463 2623 ut
475 2562 610 2624 tumidus
625 2583 718 2623 rauca
732 2570 764 2623 te
780 2584 855 2624 voce
870 2567 1019 2643 magister

288 2645 401 2707 Oderit
416 2653 449 2706 et
463 2646 587 2725 grandis
601 2647 687 2725 virgo
702 2649 862 2727 bonusque
876 2650 979 2728 pueri

247 2732 393 2792 Scribant
406 2731 466 2792 ista
478 2750 586 2810 graves
603 2731 727 2791 nimium
741 2733 930 2811 nimiumque
946 2735 1066 2814 severi,

288 2816 371 2892 Quos
387 2814 488 2876 media
502 2817 633 2876 miseros
648 2823 740 2876 nocte
756 2814 885 2875 lucerna
901 2815 996 2879 videt.

244 2901 288 2959 At
301 2906 336 2959 tu
350 2900 503 2961 Romanos
518 2898 626 2981 lepido
643 2898 707 2959 sule
722 2901 807 2978 tinge
821 2898 967 2961 libellos:

202 2993 238 3044 20
286 2985 442 3061 Agnoscat
456 3001 559 3043 mores
573 2985 635 3043 vita
648 2982 794 3064 legatque
811 3003 892 3046 suos.

245 3068 383 3145 Angusta
399 3075 523 3127 cantare
538 3065 616 3125 licet
628 3066 762 3128 videaris
777 3087 887 3146 avena,

287 3150 367 3209 Dum
383 3156 434 3210 tua
448 3148 616 3210 multorum
631 3151 733 3211 vincat
747 3170 841 3212 avena
855 3151 977 3212 tubus.“

654 3285 706 3348 lV.

248 3394 402 3474 Quantus,
422 3396 472 3474 io,
492 3394 596 3459 Latias
611 3396 716 3458 muudi
733 3406 901 3460 conventus
916 3399 956 3460 ad
968 3419 1038 3462 aras

284 3478 424 3562 Suscipit
438 3486 470 3542 et
485 3481 577 3543 solvit
591 3502 648 3564 pro
663 3481 742 3542 duce
757 3491 827 3544 vota
841 3484 912 3544 suo!
