2370 3924
326 230 666 305 EPIGRAMMATON
679 242 754 308 ΗΒ.
771 244 837 310 Vll.

534 444 629 509 xcv.
713 423 717 430 ’

148 561 262 621 Bruma
277 563 326 619 est
339 564 372 618 et
385 558 468 636 riget
481 557 628 618 horridus
643 559 835 643 Becember‚

148 642 255 705 Audes
266 649 300 704 tu
314 634 418 702 tamen
434 639 540 702 osculo
555 640 650 703 nivali

149 728 264 788 Omnes
280 728 385 787 obvius
399 726 472 785 hinc
488 731 521 786 et
534 726 607 786 hinc
620 733 748 806 tenere,

147 812 190 873 Et
203 817 317 889 totam,
338 809 435 888 Line,
456 811 578 870 basiare
592 810 727 873 Romam.

121 895 232 972 oQuid
244 896 344 975 possis
362 894 542 973 graviusque
557 896 739 975 saeviusque

146 979 316 1039 Percussus
329 978 435 1038 facere
450 983 543 1056 atque
557 980 760 1040 verberatus?

146 1064 217 1123 Hoc
232 1081 282 1121 me
297 1062 417 1141 frigore
430 1063 531 1121 basiet
544 1079 604 1121 nee
616 1082 707 1137 uxor,

144 1145 272 1206 Blandis
286 1145 351 1206 lilia
364 1163 424 1205 nec
438 1145 526 1205 rudis
543 1143 675 1208 labellis.
764 1176 766 1185 v

145 1228 210 1312 Sed
226 1235 261 1290 tu
276 1228 397 1289 dulcior
412 1226 664 1308 elegantiusque,

98 1327 139 1379 10
145 1315 240 1375 Cuius
254 1312 350 1373 livida
362 1314 489 1372 naribus
505 1313 623 1373 caninis

143 1397 310 1478 Dependet
324 1394 439 1475 glacies
453 1397 598 1476 rigetque
612 1397 723 1475 barba,

145 1480 276 1558 Qualem
290 1481 452 1540 forficibus
466 1481 556 1539 metit
570 1481 688 1559 supinis

145 1565 269 1625 Tonsor
283 1564 437 1645 Cinyphio
452 1562 535 1624 cilix
547 1565 667 1625 marito.

145 1650 278 1711 centum
293 1666 460 1708 occurrere
474 1646 553 1707 malo
571 1646 771 1728 cunnillngis‚

99 1734 183 1797 loldt
198 1731 323 1793 Gallum
336 1734 432 1792 timeo
446 1734 546 1792 minus
560 1737 731 1796 recentem.
791 1748 793 1752 “
819 1789 822 1794 .

143 1818 247 1893 Quare
261 1818 288 1877 si
302 1817 360 1877 tibi
377 1835 486 1877 sensus
503 1821 551 1876 est
564 1814 744 1897 pudorque,

142 1902 316 1980 Hibernas,
337 1900 433 1980 Line,
454 1901 660 1977 basiationes,

141 1985 178 2045 ln
191 2003 329 2045 mensem
341 2003 418 2065 rogo
434 1983 562 2046 differas
575 1981 727 2064 Aprilem.

544 2118 653 2182 XCVI.

142 2229 294 2292 Conditus
308 2233 359 2291 hic
374 2249 432 2310 ego
447 2250 514 2291 sum
526 2231 614 2290 Bassi
629 2228 736 2310 dolor,
757 2232 891 2293 Urbicus
901 2233 1024 2311 inians,

186 2315 245 2376 cui
260 2334 356 2393 genus
371 2322 404 2375 et
420 2334 534 2374 nomen
549 2315 677 2374 maxima
691 2315 788 2375 Roma
804 2314 900 2376 dedit.

143 2396 205 2459 Sex
218 2400 294 2459 mibi
310 2397 349 2459 de
364 2401 463 2479 prima
478 2395 609 2458 dcerunt
623 2400 788 2460 trieteride
802 2419 942 2479 menses,

183 2482 347 2563 Ruperunt
360 2485 492 2543 tetricae
507 2503 576 2543 cum
589 2481 668 2542 mala
681 2502 778 2563 pensa
793 2484 879 2548 deae.

120 2565 228 2643 bQuid
243 2568 381 2647 species,
404 2567 478 2646 quid
492 2566 597 2645 lingua
610 2568 703 2645 mihi,
727 2569 800 2646 quid
814 2569 935 2650 profuit
954 2569 1060 2629 aetas?

183 2651 229 2710 Da
242 2649 384 2710 lacrimas
398 2648 533 2728 tumulo,
557 2651 609 2729 qui
624 2648 704 2728 legis
719 2653 794 2731 ista,
815 2672 894 2715 meo.

141 2733 193 2793 Sic
209 2733 248 2793 ad
263 2734 433 2812 Lethaeas,
455 2735 516 2793 nisi
528 2732 663 2793 Nestore
678 2735 794 2814 serius,
813 2735 910 2796 undas

183 2817 253 2879 Non
270 2825 337 2899 eat,
357 2820 478 2899 optabis
494 2835 585 2896 quem
601 2833 766 2896 superesse
780 2820 847 2880 tibi.

516 2954 637 3016 XGVll.

139 3065 230 3126 Nosti
244 3066 271 3125 si
285 3067 366 3126 bene
381 3066 540 3144 Caesium,
562 3064 690 3143 libelle,

139 3151 308 3211 Montanae
324 3149 418 3208 decus
432 3150 579 3211 Umbriae
595 3150 757 3228 Sabinum,

139 3232 213 3293 Auli
227 3235 412 3313 municipem
426 3236 487 3295 mei
502 3233 669 3312 Pudentis,

138 3316 189 3377 llli
203 3324 237 3379 tu
253 3317 339 3378 dubis
354 3319 430 3377 haec
446 3316 496 3378 vel
512 3325 670 3397 occupato.

116 3402 260 3463 omstent
273 3401 358 3461 mille
372 3401 449 3463 licet
464 3407 670 3484 premuntque
685 3421 795 3481 curae,

137 3484 261 3547 Nostris
277 3487 460 3547 carminibus
475 3493 578 3548 temen
591 3487 720 3547 vacabit.
