2370 3924
317 223 659 287 nurcnnnnauon
673 224 747 286 nc.
765 180 843 288 vm.
1047 225 1108 294 187

519 426 653 488 XLVIII.

144 538 271 618 Neocli,
293 541 344 601 cui
359 538 485 599 dederit
498 538 626 617 'syriam
643 539 804 618 crispiano
819 537 969 620 abollam,

189 624 268 682 Dum
282 630 379 683 mutat
395 621 496 683 cultus
510 620 710 700 induiturque
726 633 836 701 togam.

146 708 293 788 Quisquis
309 708 422 785 habes,
438 707 575 766 humeris
589 724 643 765 sua
656 724 783 765 munera
798 706 915 786 redde,
926 727 1105 788 precamur:

189 790 258 850 Non
272 792 332 851 hoc
348 791 525 870 Crispinus,
547 795 580 849 te
595 789 653 849 sed
664 788 767 850 abolla
780 798 877 870 rogat.

120 873 216 938 oNon
233 876 408 954 quicunque
425 875 508 954 capit
524 879 674 934 saturatas
684 874 802 934 murice
815 881 934 954 vestas,

189 956 255 1019 Nec
268 960 328 1018 nisi
343 956 465 1018 deliciis
483 959 627 1017 convenit
639 959 700 1018 iste
715 956 812 1022 color.

146 1042 183 1103 Si
196 1047 230 1102 te
243 1041 361 1122 praeda
374 1044 457 1102 iuvat
471 1040 618 1119 foedique
633 1043 752 1102 iruania
764 1041 861 1121 lucri,

190 1127 256 1202 Qua
269 1127 370 1207 possis
386 1124 498 1186 melius
513 1123 642 1203 fallere,
664 1143 749 1186 suma
762 1132 873 1205 togam.

530 1253 636 1315 XLIX.

143 1370 327 1434 Formosam
339 1389 430 1450 sane,
450 1369 507 1430 sed
522 1389 631 1430 caecus
648 1366 753 1449 diligit
766 1371 877 1450 Asper.

188 1453 265 1516 Plus
281 1473 375 1536 ergo,
396 1460 497 1515 utres
513 1461 580 1532 ast,
600 1473 689 1532 quam
703 1453 790 1515 videt
803 1455 906 1535 Asper
920 1464 1008 1518 amat.

567 1581 601 1642 L.

144 1699 268 1775 Quanta
284 1699 429 1778 Gigantei
443 1704 631 1759 memoratur
644 1717 750 1758 mensa
763 1698 912 1778 triumphi

192 1783 373 1863 Quantaque
388 1803 448 1843 nox
465 1785 586 1863 superis
603 1783 742 1843 omnibus
757 1781 812 1841 illa
825 1783 901 1860 fuit,

145 1867 215 1943 Qua
231 1868 329 1927 bonus
344 1869 485 1927 accubuit
498 1868 622 1947 genitor
636 1886 705 1927 cum
718 1864 813 1946 plebe
828 1865 956 1927 deorum

190 1951 232 2010 Et
244 1949 335 2011 licuit
347 1951 461 2012 Faunis
474 1970 607 2032 poscere
620 1952 690 2011 vina
705 1949 822 2011 lovemc

120 2034 253 2097 5'l'anta
265 2041 334 2095 tua's
349 2033 527 2114 celebrant,
549 2036 682 2113 Caesar,
703 2035 840 2095 convivia
852 2033 974 2111 laurus3

189 2117 372 2179 Exhilarant
384 2121 469 2199 ipsos
483 2118 592 2199 gaudia
606 2124 713 2178 nostra
728 2117 813 2180 deos.

144 2202 294 2266 Vescitur
310 2204 408 2263 omnis
425 2220 521 2283 eques
535 2208 640 2263 tecum
653 2199 848 2282 populusque
861 2207 1048 2281 patresque,

189 2287 232 2346 Et
247 2289 330 2367 capit
346 2289 514 2347 ambrosias
529 2306 597 2347 cum
613 2286 691 2346 duce
706 2285 803 2345 Roma
820 2285 924 2365 dapes.

146 2370 286 2431 Grandia
299 2369 458 2451 pollicitus
474 2377 586 2450 quanto
602 2372 719 2430 maiora
733 2368 862 2430 dedisti!

93 2467 136 2520 lo
187 2453 342 2516 Promissa
358 2462 407 2514 est
418 2457 508 2515 uobis
523 2452 677 2535 sportula,
699 2461 787 2514 recta
801 2453 871 2514 data
888 2460 945 2515 est.

565 2599 612 2659 LI.

144 2712 223 2790 Quis
235 2711 325 2773 labor
339 2714 373 2772 in
385 2712 512 2793 phiala?
535 2713 619 2774 docti
633 2714 742 2792 Myos,
765 2732 843 2772 anne
858 2714 1030 2792 Myronos?

191 2796 346 2857 Mentoris
360 2797 438 2857 haec
453 2816 558 2857 manus
577 2803 641 2874 est,
663 2816 718 2873 an,
738 2794 910 2875 Polyclito,
931 2798 1006 2856 tua?

145 2881 285 2940 Livescit
301 2879 386 2941 nulla
402 2881 533 2961 caligine
547 2881 650 2959 fusca,
672 2899 731 2940 nec
745 2879 812 2941 odit
921 2935 923 2940 .

190 2962 412 3044 Exploratores
427 2963 533 3025 nubila
547 2985 645 3025 massa
659 2966 756 3027 focos.

120 3048 234 3114 5Vera
247 3050 347 3108 minus
364 3050 441 3109 flavo
458 3049 580 3110 radiant
594 3048 712 3111 electra
728 3047 869 3127 metallo,

190 3132 233 3194 lit
249 3134 371 3192 niveum
384 3132 462 3194 felix
480 3133 603 3214 pustula
615 3135 711 3195 vincit
725 3136 811 3194 ebur.

145 3216 303 3279 Materiae
317 3237 381 3278 non
395 3216 480 3277 cedit
494 3237 586 3298 opus:
609 3219 653 3278 sic
669 3217 773 3296 alligat
788 3219 911 3292 orbern,

191 3299 328 3362 PlurIma
345 3321 412 3361 cum
429 3308 495 3361 tota
509 3299 651 3381 lampade
666 3301 738 3361 luna
752 3303 841 3366 nitet.

146 3384 220 3444 Stat
233 3405 327 3466 caper
344 3385 454 3447 Aeolio
471 3386 614 3446 Thebani
628 3383 748 3445 vellere
765 3386 872 3446 Phrixi

95 3481 139 3536 10
193 3468 318 3531 Cultus:
341 3471 378 3529 ab
393 3471 452 3529 hoc
466 3468 574 3529 mallet
588 3476 676 3529 vecta
689 3470 787 3531 fulsse
803 3489 905 3531 soror.
