2370 3924
89 217 149 279 roo
409 216 453 277 n.
472 215 565 278 vnn.
581 215 806 277 nnuunms
896 174 900 178 ’

172 370 248 428 Tam
264 387 326 427 nou
341 365 445 426 invida
458 373 583 445 tamque
596 365 753 444 liberalis,

173 454 250 512 'l'am
266 452 345 511 comi
358 455 445 530 patet
459 448 682 529 hospitalitate.

171 534 289 597 Credas
305 533 428 593 Alcinoi
441 535 509 613 pios
525 534 674 610 Penates,

128 622 232 683 aoAut
245 620 320 679 faeti
335 617 425 677 modo
443 616 546 677 divitis
561 617 728 676 Molorchi.

171 707 234 763 Vos
248 722 329 763 nuno
347 703 447 761 omnia
460 720 553 780 parva
570 703 622 779 qui
635 702 768 781 putatis,

172 790 313 848 Centeno
327 784 463 864 gelidum
477 783 583 862 ligone
600 784 699 844 Tibur

172 869 233 935 Vel
247 871 417 931 Praeneste
433 868 555 927 domate
569 867 795 948 pendulamque

173 956 235 1016 Uni
249 953 356 1014 dedite
372 953 488 1013 Setiam
503 950 627 1012 colono:

130 1040 249 1101 35Dum
264 1056 312 1098 me
327 1037 430 1097 iudiee
444 1036 663 1116 praeferantur
679 1039 748 1097 istis

171 1122 229 1183 Iuli
242 1125 349 1200 iugera
362 1140 458 1201 panea
471 1121 636 1181 Martialis.

562 1254 654 1316 va.

173 1367 268 1427 Oculo
283 1364 442 1426 Philaenis
456 1384 580 1445 semper
594 1363 694 1425 altero
709 1363 822 1445 plorat.

174 1453 240 1528 Quo
255 1453 308 1511 liat
321 1450 404 1510 istud
422 1451 570 1529 quaeritis
584 1447 698 1508 modo?
719 1447 805 1509 lusca
820 1453 877 1510 est.

553 1580 661 1646 LXVI.

172 1702 272 1780 Egisti
286 1701 379 1759 vitam
396 1716 535 1776 semper,
557 1698 654 1775 Line,
675 1694 910 1776 municipalem,

216 1784 283 1860 Qua
297 1780 377 1842 nihil
394 1783 515 1840 omnino
531 1779 621 1841 vilius
637 1799 706 1840 esse
721 1786 835 1859 potest.

172 1868 276 1927 Idibus
292 1875 325 1926 et
338 1866 416 1924 raris
431 1862 537 1942 togula
552 1872 601 1924 est
615 1883 741 1924 excussa
756 1862 903 1924 Kalendis

215 1951 308 2011 Duxit
323 1958 356 2009 et
371 1954 503 2008 aestates
519 1949 674 2028 synthesis
689 1969 749 2008 una
764 1947 881 2009 decem.

153 2035 277 2096 usaltus
292 2052 414 2113 aprum,
439 2052 561 2113 campus
576 2033 716 2113 leporem
732 2033 790 2092 tihi
804 2034 888 2093 misit
902 2034 1096 2114 inemptum,

216 2117 298 2179 Silva
313 2136 420 2196 graves
439 2117 547 2177 turdos
563 2118 714 2196 exagitata
729 2115 824 2177 dedit.

175 2205 289 2283 Captus
304 2203 448 2262 flumineo
463 2203 548 2261 veuit
563 2200 602 2261 de
616 2203 737 2280 gurgite
750 2202 860 2280 piseis,

215 2289 296 2350 Vina
311 2289 406 2346 ruber
421 2285 502 2345 fudit
516 2306 578 2345 non
591 2286 758 2366 peregrina
774 2284 877 2348 cadus.

173 2373 238 2431 Nee
252 2378 344 2430 tener
359 2368 503 2448 Argolica
518 2373 627 2429 missus
644 2369 682 2428 de
699 2375 792 2447 gente
807 2371 967 2446 minister,

132 2467 166 2517 lo
215 2454 277 2514 Sed
292 2457 381 2513 stetit
394 2452 504 2513 inculti
519 2456 634 2514 rustica
648 2455 738 2514 turba
751 2454 829 2531 foci,

174 2539 274 2601 Vilica
288 2536 338 2597 vel
353 2536 423 2596 duri
439 2556 615 2617 compressa
629 2544 678 2597 est
692 2545 787 2617 nupta
802 2536 921 2613 coloni,

216 2620 346 2681 incaluit
362 2622 504 2700 quotiens
519 2622 621 2681 saucia
635 2641 713 2681 vena
727 2641 824 2681 mero.

173 2707 238 2767 Nec
256 2707 362 2766 nocuit
375 2707 467 2765 tectis
482 2707 579 2784 ignis,
602 2725 660 2766 nee
677 2706 775 2766 Sirius
793 2707 890 2784 agris,
976 2771 1000 2779 Ἴ

216 2787 398 2851 Νθε’ωοτεα
413 2797 461 2850 est
478 2788 607 2870 pelago,
629 2808 688 2850 nee
707 2791 776 2850 fluit
793 2788 856 2848 ulla
870 2790 956 2850 ratis.

134 2876 340 2955 leupposita
355 2881 403 2935 est
416 2873 530 2934 blando
546 2894 701 2954 nunquam
716 2874 774 2934 tibi
788 2879 909 2933 tessera
925 2872 1008 2950 talo,

215 2959 291 3019 Alea
309 2959 366 3019 sed
380 2976 490 3037 parcae
505 2959 571 3018 sola
585 2959 675 3019 fuere
689 2975 792 3017 uuees.

172 3043 245 3120 Dio,
268 3045 320 3102 ubi
338 3044 378 3102 sit
392 3041 535 3120 deciens,
557 3050 656 3103 mater
671 3041 752 3120 quod
767 3062 856 3102 avara
870 3038 1026 3120 reliquit?

215 3128 368 3204 Nusquam
384 3133 447 3186 est:
468 3127 570 3188 fecisti
585 3146 668 3203 rem,
690 3126 785 3205 Line,
808 3124 980 3187 difficilem.

549 3261 668 3323 LXVII.

172 3375 353 3438 Praetorem
368 3393 485 3454 pauper
501 3382 624 3434 eentum
639 3373 785 3433 sestertia
800 3373 921 3433 Gaurus

215 3456 330 3518 Orabat
344 3478 418 3518 cana
432 3465 523 3518 notus
539 3459 687 3535 amicitia,
