2370 3924
336 183 679 247 nrlonAMMAToN
691 185 766 248 LIB.
782 185 860 248 VIII.
1056 187 1121 254 1⁹3

133 338 279 414 bcurre,
300 353 373 414 age,
395 340 428 395 et
442 332 551 395 illotos
566 353 695 413 revoca,
718 333 865 415 Calliste,
887 338 1062 415 ministros;

200 422 388 482 Sternantur
401 417 495 479 lacti:
518 417 715 496 caeciliane,
737 418 822 480 sede.

157 504 286 568 Caldam
300 503 404 585 poscis
419 519 544 581 aquam,
565 501 701 564 nondum
713 504 790 563 mihi
802 503 918 583 frIglda
931 508 1032 582 venit3

200 587 295 667 Alget
308 586 408 648 adhuc
421 586 504 647 undo
521 585 606 646 clusa
621 585 723 646 culIna
736 587 817 648 foco.

157 673 254 735 Mane
268 672 339 732 veni
353 671 473 752 potins3
493 690 564 730 nam
579 690 634 730 cur
649 677 681 730 te
697 673 804 750 qulnta
817 674 979 733 moretur?

111 769 148 820 ιο
198 756 241 818 Ut
253 757 371 833 lantes,
393 773 482 833 sero,
505 754 697 831 Caeciliam,
716 756 813 816 venis.

529 888 654 951 LXVIII

157 1002 219 1079 Qui
234 1001 404 1080 Corcyraei
417 999 496 1060 vidlt
509 1002 646 1081 pomaria
660 1004 761 1081 regis,

200 1085 281 1164 llus,
302 1082 448 1163 Entelle,
471 1089 543 1145 tuae
557 1085 719 1165 praeferet
733 1084 789 1146 ille
806 1085 923 1149 domus.

154 1169 262 1230 Invida
277 1187 452 1250 purpureos
464 1175 535 1228 urat
549 1187 589 1228 ne
603 1171 711 1229 bruma
725 1189 865 1231 racemos

197 1253 240 1314 nt
254 1251 392 1331 gelidum
406 1252 520 1312 Bacchi
535 1270 663 1313 munera
675 1254 774 1332 frigus
787 1253 876 1333 edat,

129 1336 294 1400 ficondita
307 1337 472 1417 perspicua
486 1337 561 1397 vivit
577 1336 730 1397 vindemia
744 1356 861 1417 gemma

198 1421 241 1482 Et
255 1422 373 1500 tegltur
388 1418 483 1498 felix,
505 1439 565 1482 nec
582 1426 685 1481 tamen
698 1441 756 1481 uva
770 1419 858 1482 latet.

152 1506 338 1567 Femineum
351 1503 437 1565 lucet
450 1505 495 1564 sie
508 1523 567 1585 per
580 1507 763 1584 bombycIna
777 1525 905 1586 corpus,

201 1587 347 1650 Calculus
360 1590 394 1649 ln
408 1586 507 1648 nitida
522 1590 567 1648 sic
585 1595 766 1650 numeratur
780 1610 866 1670 aqna.

153 1672 239 1751 Quid
252 1692 315 1733 non
328 1673 453 1753 ingenio
468 1670 566 1733 voluit
579 1679 689 1733 natura
702 1673 824 1735 licere?

99 1769 147 1823 10
199 1757 404 1818 ductumnum
419 1754 538 1817 sterilis
552 1758 640 1817 ferre
654 1758 780 1819 lubetur
794 1759 903 1820 hiems.

542 1891 649 1952 LXIX.

153 2003 284 2066 Miraris
300 2008 442 2080 veteres,
463 2003 615 2082 Vacerra,
638 2002 739 2084 solos,

152 2087 223 2149 Nec
236 2085 341 2148 laudas
354 2087 415 2146 nisi
430 2093 568 2147 mortuos
581 2094 700 2167 poetas.

152 2171 459 2252 Ignoscaspetimns,
480 2170 630 2233 Vacerra:
652 2172 731 2231 tanti

152 2256 226 2318 Non
241 2261 307 2333 est,
326 2261 361 2314 ut
373 2251 513 2334 placeam
527 2254 601 2331 tibi,
622 2254 737 2333 perire.

549 2399 643 2462 LXX.

154 2515 279 2591 Quanta
293 2515 381 2593 quies
396 2513 526 2596 placidi,
548 2520 634 2575 tanta
647 2520 697 2575 est
709 2511 852 2575 facundia
866 2512 1003 2595 Nervae,

200 2596 263 2656 Sed
278 2599 405 2659 cohibet
418 2599 501 2659 vires
513 2599 733 2679 ingeniumque
747 2597 856 2679 pudor.

152 2681 234 2742 Cum
250 2681 367 2742 siccare
382 2700 498 2742 sacram
511 2681 597 2761 largo
611 2681 808 2742 Permessida
824 2687 931 2762 posset

201 2763 279 2842 Ore,
300 2765 506 2826 verecundam
520 2764 629 2826 maluit
643 2783 713 2825 esse
729 2766 828 2843 sitim,

125 2848 292 2914 el’ieriam
306 2851 395 2910 tenni
409 2850 546 2909 frontem
559 2847 708 2909 redimire
723 2867 838 2908 corona

200 2932 388 3011 Contentus,
409 2933 509 2994 famae
525 2951 584 2994 nec
599 2932 674 2995 dare
688 2929 758 2993 vela
771 2950 855 2997 snae.

151 3014 221 3078 Sed
235 3021 339 3076 tamen
353 3018 435 3077 huuc
448 3019 548 3078 nostri
563 3019 622 3078 scit
635 3018 786 3098 temporis
803 3035 872 3077 esse
888 3014 1067 3098 Tibullum,

200 3098 342 3161 Carmina
357 3102 410 3181 qui
425 3100 510 3162 docti
523 3107 595 3163 nota
609 3102 742 3162 Neronis
757 3103 859 3163 habet.

542 3235 648 3297 LXXI.

152 3350 310 3426 Quattuor
325 3347 447 3428 argenti
460 3345 558 3408 libras
573 3348 648 3407 mihi
662 3353 804 3427 ternpore
822 3350 947 3410 brumae

200 3431 317 3493 Misisti
330 3438 402 3493 ante
419 3450 530 3511 annos,
552 3432 765 3511 Postumiane,
787 3432 904 3494 decem.

148 3516 264 3579 Maur.
876 3515 922 3579 m
