2370 3924
18 250 85 319 324
343 247 497 312 MVAL
511 245 737 308 MARTIALIS

372 449 483 511 XXIV.
507 449 595 511 Acus
608 466 716 508 aurea.

107 561 278 648 Splendida
292 579 333 622 ne
346 559 462 621 madidi
475 557 594 620 violent
608 559 793 637 bombycina
806 560 933 641 crinea,

148 649 242 726 Figat
257 665 329 707 acus
342 651 441 705 tortas
456 645 667 720 sustineatque
682 660 795 703 comas.

410 777 507 840 XXV.
529 777 678 838 Pectines.

109 877 191 955 Quid
209 876 304 936 faciet
318 871 419 934 nullos
433 875 486 933 hic
503 876 667 935 inventura
681 873 814 955 capillos

149 958 308 1023 Multifido
323 961 420 1019 buxus
434 975 512 1038 quae
528 958 586 1018 tibi
602 956 697 1017 dente
712 956 826 1019 daturi

421 1090 530 1152 XXVI.
554 1091 672 1152 Cristae.

112 1192 255 1253 caustica
270 1191 460 1251 Teutonicos
475 1187 618 1248 accendit
632 1206 738 1268 spuma
752 1186 903 1269 capillos5

156 1276 293 1356 Captivis
306 1275 425 1355 poteris
440 1271 553 1332 cultior
570 1290 640 1332 csse
656 1273 761 1333 comis.

453 1405 577 1469 XXVII.
597 1403 693 1486 Sapo.

112 1503 145 1567 Si
160 1513 279 1566 mutare
294 1524 384 1586 paras
397 1502 565 1584 longaevos
580 1523 655 1564 caua
669 1501 816 1583 capillos,

152 1591 269 1672 Accipe
283 1589 500 1650 Mattiacas-
514 1608 574 1668 quo
588 1589 647 1648 tibi
662 1585 770 1648 cclva‘.l
781 1620 827 1635 -
840 1586 933 1669 pilas.

391 1723 529 1785 XXVIII.
558 1721 706 1783 Umbella.

110 1821 226 1900 Accipe
242 1838 319 1899 quae
333 1822 444 1880 nimios
460 1821 583 1879 vincant
598 1815 775 1879 umbracula
788 1816 892 1879 soles:

156 1905 204 1963 Sit
218 1903 294 1964 licet
308 1909 342 1964 et
354 1912 479 1982 ventus,
497 1911 530 1963 te
544 1910 597 1964 tua
612 1903 681 1964 vela
693 1909 811 1981 tegent.

431 2037 540 2098 XXIX.
565 2037 689 2100 Oaueia.

111 2138 144 2197 In
159 2137 345 2217 Pompeiano
361 2141 463 2194 tecum
477 2137 624 2215 spectabo
639 2136 779 2195 theatro:

152 2223 228 2281 Nam
243 2222 333 2280 flatus
347 2219 461 2299 populo
476 2218 544 2280 vela
558 2238 672 2299 negare
688 2218 777 2280 solet.
907 2234 912 2242 ’

405 2353 499 2414 XXX.
528 2353 697 2415 Venabula.

111 2453 276 2531 Excipient
292 2471 383 2532 apros
399 2455 666 2531 expectabuntque
680 2450 805 2526 leones;

153 2536 317 2596 Intrabunt
330 2555 435 2612 ursos,
457 2538 498 2595 sit
510 2535 601 2595 modo
616 2537 704 2595 firma
718 2554 836 2594 manus.

326 2668 435 2729 XXXI.
462 2667 570 2729 Obiter
583 2670 774 2730 venatorias.

111 2769 145 2828 Si
164 2766 286 2828 deiecta
303 2786 408 2847 gemes
422 2765 514 2845 longo
532 2765 680 2826 venabula
694 2773 812 2842 rostro,

153 2853 213 2911 Hic
231 2854 334 2912 brevis
348 2853 506 2929 ingentem
521 2852 658 2909 comInus
671 2850 730 2908 ibit
745 2869 862 2929 aprum.

368 2983 489 3045 XXXII.
512 2985 729 3046 Parazonium.

112 3080 252 3143 Militiae
268 3081 362 3142 decus
376 3085 436 3142 hoc
453 3084 594 3161 gratique
610 3085 672 3143 erit
689 3101 780 3142 omen
793 3082 944 3160 honoris,

156 3166 251 3225 Arma
267 3167 463 3227 tribunicium
481 3168 606 3245 cingere
622 3166 714 3245 ‹IIgna
727 3166 816 3226 latus.

410 3299 545 3361 XXXIII.
569 3299 683 3383 Pugio.

112 3397 225 3476 Pugio,
249 3415 339 3474 quem
354 3418 445 3458 curva
458 3401 558 3477 signat
572 3400 675 3460 brevis
690 3398 792 3458 orbita
804 3416 903 3477 vena,

150 3479 347 3545 Stridentem
361 3480 473 3564 gelidis
485 3485 567 3544 laune
581 3482 652 3542 Salo
664 3484 756 3542 tinxit
771 3483 869 3560 aquis.
