2370 3924
91 240 154 306 154
413 237 458 300 M.
476 236 569 300 VAL.
585 234 810 297 MARTIALlS

174 395 214 455 Di
228 393 385 468 facerent,
408 394 442 448 nt
458 395 493 448 tu
506 388 685 468 loquereris
702 395 735 450 et
750 387 807 450 ille
822 396 964 452 taceret:

219 474 370 538 Offendor
385 474 477 534 cunni
491 473 672 554 garrulitate
687 475 743 538 tui.

175 560 298 623 Pedere
313 566 345 620 te
360 556 489 619 vellem:
511 577 642 637 namque
656 559 716 619 hoc
730 577 788 619 nec
802 556 916 620 inutile
931 557 1015 623 (licit

135 658 170 711 10
219 645 417 725 Symmachus
432 650 465 702 et
479 644 575 703 risum
589 662 641 704 res
661 648 764 703 movet
777 644 838 703 ista
851 642 963 706 semel

176 732 251 809 Quis
266 729 371 790 ridere
386 734 492 808 potest
504 728 582 787 fatui
595 733 797 808 poppysmata
811 728 926 788 cunni?

218 815 295 874 Cum
309 819 398 873 sonat
412 812 479 889 hic,
501 813 549 871 cni
566 831 628 872 non
643 811 779 872 mentula
792 830 945 891 mensque
963 811 1071 874 orditi

175 900 232 960 Die
248 895 367 976 aliquid
379 894 488 955 saltem
503 893 700 976 clamosoque
713 897 861 976 obstrepe
876 914 1001 976 cunno,

217 982 260 1044 nt
273 983 299 1041 si
314 979 391 1041 adeo
407 985 554 1059 mutares,
578 979 663 1040 disce
678 980 729 1040 vel
741 980 814 1041 inde
828 978 928 1061 loqui.

574 1115 655 1176 XIX.

175 1231 394 1309 Fragmentum
408 1226 491 1308 quod
505 1227 568 1289 vile
583 1232 672 1307 putas
688 1233 721 1288 et
734 1223 845 1287 inutile
859 1225 1003 1308 lignum,

217 1314 304 1374 llaec
317 1313 378 1373 fuit
390 1312 489 1393 ignoti
503 1313 604 1392 prima
618 1313 722 1372 car1na
734 1313 845 1388 maris,

179 1399 276 1476 Quam
289 1416 348 1458 nec
362 1398 504 1476 Cyaneae
521 1395 673 1476 quondam
689 1401 821 1476 potuere
835 1397 948 1457 ruinae

216 1482 376 1561 Frangere
391 1501 449 1541 nec
464 1481 603 1560 Scythici
620 1481 742 1540 tristior
755 1481 802 1540 ira
817 1480 904 1541 freti.

155 1562 309 1629 ssaecula
322 1567 481 1627 vicerunt:
504 1564 561 1624 sed
575 1567 709 1644 quamvis
726 1565 858 1624 cesserit
872 1566 982 1647 annis,

223 1651 369 1711 Sanctior
384 1657 434 1710 est
449 1649 531 1711 salva
544 1669 639 1731 parva
652 1647 769 1709 tabella
783 1655 860 1709 rate.

576 1784 644 1846 XX.

176 1895 263 1957 Nihil
277 1901 326 1956 est
341 1897 483 1956 miserius
499 1916 601 1977 neque
617 1896 752 1977 gulosius
768 1896 889 1959 Santra.

176 1982 304 2042 Rectam
317 1986 442 2040 vocatus
459 2000 526 2042 cum
543 1983 680 2042 cucurrit
695 1979 734 2041 ad
749 1999 872 2058 cenam,

177 2067 274 2144 Quam
287 2070 335 2125 tot
349 2063 457 2126 diebus
473 2068 676 2146 noctibusque
692 2067 840 2146 captavit,
974 2130 979 2137 ⁶

179 2151 245 2210 Ter
258 2151 360 2230 poscit
374 2151 440 2230 apri
455 2149 633 2230 glandulas,
657 2157 766 2230 qnater
780 2149 935 2228 lumbum,

156 2236 221 2297 alet
233 2243 395 2314 utramque
410 2254 515 2296 coram
528 2234 645 2316 leporis
661 2242 693 2295 et
709 2234 785 2294 dnos
803 2253 919 2313 armos,

177 2320 243 2380 Nec
258 2321 415 2379 erubescit
428 2322 572 2400 peierare
590 2319 629 2379 de
644 2319 737 2380 turdo

177 2404 220 2464 Et
233 2409 407 2464 ostreorum
421 2422 533 2483 rapere
547 2404 660 2464 lividos
676 2405 783 2464 cirros.

177 2485 283 2547 Dulcis
295 2486 439 2567 placenta
456 2487 612 2547 sordidam
627 2489 698 2549 linit
713 2507 862 2568 mappam.

175 2569 243 2630 lllic
258 2578 291 2630 et
305 2589 380 2631 uvae
396 2570 585 2632 collocantur
601 2571 731 2651 ollares,

134 2656 216 2718 runt
229 2655 414 2716 Punicorum
428 2677 525 2737 pauca
538 2675 631 2736 grana
647 2657 811 2735 malorum,

176 2742 218 2801 Et
233 2747 393 2801 excavatae
409 2741 500 2822 pellis
515 2741 665 2802 indecens
680 2742 805 2819 volvae,

179 2826 221 2887 nt
235 2825 319 2906 lippa
333 2827 408 2887 licus
426 2827 599 2906 debilisque
614 2826 747 2888 boletus.

178 2909 241 2970 Sed
256 2931 365 2991 mappa
380 2933 448 2972 cum
462 2915 521 2971 iam
536 2911 622 2972 mille
636 2913 789 2991 rumpitur
803 2909 914 2987 furtis„

175 2995 275 3054 Rosos
288 2997 410 3075 tepenti
425 2994 594 3074 spondylos
610 2998 679 3056 sinu
695 2993 801 3055 condit

135 3078 216 3139 mlta
232 3077 378 3139 devorato
391 3081 492 3158 capite
507 3086 661 3140 turturem
676 3088 827 3145 truncum.

177 3159 336 3239 Colligere
350 3159 443 3241 longa
458 3169 550 3244 turpe
564 3183 623 3225 nec
637 3171 726 3245 putat
742 3163 851 3224 dextra

175 3245 325 3305 Analecta
340 3244 490 3326 quidquid
504 3255 536 3308 et
551 3268 642 3309 canes
656 3249 862 3328 reliquerunt.

176 3329 242 3390 Nec
258 3329 416 3391 esculenta
435 3333 551 3394 sufficit
566 3333 657 3413 gulae
672 3333 805 3415 praeda,

175 3414 273 3474 Mixto
288 3413 427 3494 lagonam
441 3416 546 3498 replet
561 3419 600 3479 ad
613 3418 710 3500 pedes
727 3421 807 3482 vino.

127 3499 260 3561 wllaec
269 3517 331 3583 per
347 3498 493 3563 ducentas
507 3522 575 3564 cnm
589 3502 711 3564 domum
726 3502 800 3564 tulit
814 3497 911 3563 reatu
