2370 3924
310 229 652 293 EPIGRAMMA'I'ON
666 234 740 296 LIB.
757 234 792 296 Π.
1032 234 1075 301 58

115 388 216 463 Quem
231 405 293 444 nan
307 385 442 445 lacernis
456 383 585 445 Publius
601 404 687 446 meus
702 388 815 465 vincit,

112 471 183 530 Non
197 473 265 551 ipse
281 468 403 529 Gordus
418 467 510 550 alpha
523 468 774 549 paenulatorum,

87 555 215 631 5Quem
230 572 306 632 grex
321 559 443 630 togatus
459 555 600 633 sequitur
614 559 647 613 et
662 553 823 634 capillatus

112 639 299 717 Recensque
317 636 394 698 sella
408 635 576 714 linteisque
590 636 747 716 lorisque:

114 723 339 804 Oppigneravit
352 720 443 781 mado
459 720 550 780 moda
566 721 604 781 ad
620 720 708 782 Cladi
723 740 859 782 mensam

112 808 175 870 Vix
190 812 261 867 octo
275 808 406 866 nummis
423 804 562 883 anulum,
582 804 664 865 unde
681 812 816 868 cenaret.

498 939 603 1002 LVlll.

114 1021 248 1114 Pexatus
263 1053 393 1134 pulchre
408 1051 494 1112 rides
507 1071 592 1131 mea,
614 1051 723 1132 Zoile,
746 1055 829 1113 trita.
1052 1102 1076 1134 g,

40 1178 58 1203 0
157 1137 236 1198 Sunt
249 1139 326 1197 baec
342 1140 418 1197 trita
433 1135 574 1215 quidem,
596 1136 702 1216 Zcile,
725 1136 782 1197 sed
796 1156 865 1198 mea
878 1143 958 1199 sunt.
1056 1128 1074 1150 '²

512 1271 590 1334 LIX.

115 1384 199 1445 Mica
213 1402 322 1444 vocor:
347 1380 421 1460 quid
435 1383 492 1442 sim
508 1385 626 1456 cernis,
649 1385 770 1442 cenatio
785 1403 894 1463 parva:

157 1469 204 1528 Ex
217 1484 266 1527 me
282 1467 468 1527 Caesareum
482 1467 635 1547 prospicis
650 1485 723 1526 ecce
738 1465 869 1526 tholum.

115 1552 238 1630 Frange
253 1556 356 1627 toros,
377 1557 452 1631 pete
466 1551 553 1627 rina,
572 1569 659 1610 rosas
676 1569 768 1630 cape,
789 1553 912 1628 tingere
927 1549 1041 1610 narica

158 1637 227 1717 lpse
243 1636 331 1694 iubet
345 1635 454 1694 martis
469 1638 501 1692 te
517 1634 692 1694 meminisse
709 1632 793 1694 deus.

524 1767 601 1830 LXq

113 1883 250 1945 Uxorem
265 1882 373 1941 armati
387 1881 500 1959 futuis,
519 1898 597 1961 puer
611 1878 725 1960 Hylle,
748 1880 874 1942 tribuni.

158 1966 348 2047 Supplicium
363 1970 481 2024 tantum
495 1983 568 2024 num
582 1964 703 2045 puerile
718 1965 832 2025 times?

114 2052 181 2114 Vae
195 2051 269 2127 tibi,
291 2047 363 2109 dum
376 2047 476 2126 ludis,
500 2051 687 2110 castrabere.
716 2050 778 2109 Iam
793 2049 868 2108 mihi
883 2047 969 2108 dices

157 2133 248 2213 „Nan
257 2133 334 2194 licet
343 2133 437 2193 boc.“
459 2131 563 2209 Quid?
577 2138 612 2193 tu
624 2131 707 2212 quad
717 2134 810 2210 iacis,
825 2130 938 2211 Hylle,
951 2129 1053 2191 licet?
1170 2142 1173 2146 ’

512 2281 589 2343 LXI.

115 2396 193 2456 Cum
206 2394 266 2453 tibi
279 2398 448 2452 vernarent
462 2392 554 2453 dubia
567 2393 713 2471 lanugine
727 2390 842 2470 malae,

157 2477 327 2538 Lambebat
344 2476 464 2537 medias
477 2479 618 2558 improba
632 2476 738 2556 lingua
750 2479 844 2540 viras.

113 2565 282 2641 Postquam
297 2562 388 2620 triste
404 2567 495 2642 caput
508 2561 633 2622 fastidia
644 2557 844 2641 vispillonum

157 2647 200 2708 Et
214 2645 321 2705 miseri
336 2647 450 2706 meruit
463 2647 567 2706 taedia
581 2646 750 2724 carnificis,

93 2731 226 2794 §Uteris
242 2747 297 2788 ore
313 2727 406 2788 aliter
421 2731 576 2809 nimiaque
595 2731 742 2807 aerugine
758 2733 865 2808 captus

156 2811 293 2874 Allatras
307 2830 422 2872 nomen
437 2811 520 2892 quod
535 2814 593 2872 tibi
608 2830 728 2889 cunque
745 2811 844 2894 datur.

114 2899 253 2959 Haereat
265 2897 442 2974 inguinibus
456 2897 559 2977 potius
574 2903 637 2956 tam
651 2897 741 2955 noxia
752 2893 872 2974 lingua:

155 2981 234 3042 Nam
249 2999 318 3041 cum
332 2979 477 3060 fellaret,
496 2982 604 3061 purior
617 2979 674 3040 illa
687 2981 756 3042 fuit.
864 3047 869 3058 ¹

510 3115 602 3178 LXII.

116 3229 206 3307 Quod
217 3236 345 3311 pectus,
367 3227 450 3309 quod
466 3248 557 3289 crura
569 3229 644 3306 tibi,
668 3227 749 3307 quad
763 3227 890 3287 brachia
902 3226 1007 3306 vellis,

158 3315 249 3391 Quod
265 3316 365 3374 cincta
381 3319 430 3374 est
444 3315 590 3374 brevibus
605 3311 741 3372 mentula
755 3320 845 3372 tonsa
859 3310 949 3391 pilis:

113 3398 183 3459 Hoc
193 3404 351 3480 praestas,
365 3397 520 3475 Labiene,
535 3397 733 3475 tuae-quia
743 3396 868 3456 nescit?
877 3431 913 3439 —
924 3397 1046 3456 amicae.

157 3483 215 3543 Oui
230 3489 371 3563 praestas
386 3481 488 3542 culum
504 3479 603 3562 quad,
625 3481 784 3562 Labiene,
802 3477 909 3564 pilaa‘l
