2370 3924
120 219 182 284 152
442 218 487 280 M.
502 217 595 281 VAL.
610 216 835 278 MARTIALIS

203 371 289 432 Uxor
304 369 432 430 moecha
445 368 506 428 tibi
521 372 585 427 eat:
607 368 668 427 hoc
683 364 722 426 ad
735 372 768 426 te
781 367 936 446 pertinet,
957 366 1030 430 010.

247 454 354 514 Poscit
371 454 432 513 lam
449 451 553 511 dotem
568 448 634 510 fllia
649 447 786 528 mandis:
808 458 842 510 et
854 451 925 511 hoc.

162 549 196 603 15
202 539 316 599 Dicere
332 535 532 616 quindeciens
547 541 703 615 poteram,
724 532 807 613 quod
822 536 962 615 pertiuet
975 531 1016 596 ad
1029 541 1083 600 tce

248 621 312 682 Sed
328 618 402 700 quId
415 638 502 699 agas,
524 618 625 678 adme
640 619 794 698 pertinet,
817 616 895 698 01e,
916 617 1008 680 nihil.

590 751 667 815 ‚XL

205 868 299 946 Cogis
313 885 362 926 me
377 864 490 926 calamo
505 883 656 943 manuque
672 870 778 925 nostra

204 949 379 1012 Emendare
394 968 497 1027 meos,
515 948 657 1028 Pudens,
674 946 812 1010 libellos.

206 1035 233 1096 0
248 1054 337 1115 quam
350 1052 400 1093 me
414 1034 540 1093 nimium
554 1034 667 1112 probas
684 1049 844 1112 amesque,

207 1120 326 1195 Quivis
342 1119 526 1197 archetypas
540 1117 657 1177 habere
672 1117 782 1195 unges!

616 1250 680 1310 XII.

208 1365 260 1425 Sic
275 1385 325 1426 me
339 1365 444 1426 fronte
458 1363 544 1444 legat
556 1362 713 1441 domiuus,
733 1365 898 1443 Faustine,
920 1365 1036 1427 serena

248 1450 450 1530 Excipiatque
466 1467 568 1527 meos,
591 1469 650 1528 qua
665 1448 747 1508 uolet
763 1467 853 1526 aure,
873 1450 976 1529 iocos,

206 1533 250 1596 Ut
264 1553 333 1594 mea
347 1552 406 1594 nec
419 1534 500 1594 iuste
516 1552 592 1611 quos
611 1531 693 1611 odit,
715 1535 826 1612 pagina
839 1531 951 1611 laesit,

247 1619 289 1680 ut
302 1618 378 1677 mihi
394 1617 433 1677 de
448 1616 532 1678 nullo
548 1617 628 1676 famu
642 1618 757 1676 rubore
774 1614 886 1697 placet.

185 1701 291 1778 bQuid
305 1700 451 1781 prodest,
473 1702 598 1780 cupiant
612 1721 680 1761 cum
694 1698 817 1780 quidam
830 1704 938 1762 nostra
950 1700 1070 1782 videri,

249 1786 284 1845 Si
298 1805 357 1863 qua
371 1785 545 1864 Lycambeo
562 1786 709 1862 sauguine
727 1784 791 1844 tela
805 1783 953 1846 madent?

205 1870 438 1949 Vipereumque
453 1873 575 1927 vomant
589 1875 696 1928 nostro
713 1870 768 1929 sub
785 1869 909 1928 nomine
923 1869 1025 1948 virus,

220 2018 225 2029 ι
250 1954 310 2029 Qui
322 1952 441 2012 Phoebi
457 1950 560 2011 radios
572 1952 658 2011 ferre
676 1953 819 2032 diemque
835 1953 973 2031 neganti

207 2036 355 2097 LudImus
371 2036 512 2095 innocui:
533 2036 594 2096 scis
609 2037 669 2095 hoc
684 2039 780 2096 bene:
801 2038 869 2097 iuro
885 2037 1025 2116 potentis

165 2131 199 2183 10
247 2120 309 2180 I’er
324 2121 447 2199 genium
461 2120 574 2180 Famae
592 2119 819 2199 Castaliumque
835 2139 962 2199 gregem

91 2194 116 2282 II
206 2204 330 2282 Perque
346 2211 414 2265 tuus
429 2223 535 2280 aures,
556 2205 658 2282 magui
673 2205 748 2264 mihi
762 2206 894 2264 numinis
908 2205 1026 2283 Instar,

247 2288 378 2367 Lector,
400 2290 563 2349 inhumana
576 2286 660 2348 liber
675 2289 712 2348 ab
726 2288 848 2349 invidia.

604 2431 681 2491 XIII.

211 2545 290 2605 llum
305 2544 479 2604 Tiburtinis
495 2544 654 2604 albescere
669 2543 786 2605 solibus
801 2545 885 2605 audIt

250 2629 379 2706 Antiqui
395 2625 497 2688 dentIs
510 2627 596 2687 fusca
610 2626 739 2706 Lycoris
755 2632 848 2706 ebur,

208 2714 304 2776 Venit
318 2714 351 2772 iu
364 2710 537 2772 Herculeos
553 2709 659 2773 colles
690 2712 772 2788 Quid
788 2713 916 2773 Tiburis
929 2709 987 2773 alti

248 2798 333 2857 Aura
348 2795 445 2857 valet!
474 2797 573 2857 Parvo
587 2800 730 2877 tempore
745 2797 834 2875 ulgra
847 2795 936 2858 redit

605 2931 685 2993 XIV.

208 3042 332 3103 Accidit
351 3040 509 3103 infandum
523 3048 648 3102 nostrae
663 3041 780 3121 scelus,
802 3042 899 3122 Aule,
920 3041 1062 3123 puellae:

252 3126 363 3186 Amisit
377 3124 463 3198 lusus
477 3124 664 3203 deliciasque
680 3145 766 3201 suus3

207 3209 277 3270 Nou
293 3208 399 3287 quales
415 3210 516 3270 teneri
530 3208 664 3290 ploravit
681 3212 777 3271 amica
792 3209 907 3272 Catulli

250 3293 379 3369 Lesbia,
399 3294 547 3371 nequitiis
561 3295 697 3374 passeris
713 3297 789 3354 orba
803 3297 865 3371 sul,

189 3375 274 3440 uvel
289 3375 407 3436 Stellae
423 3384 543 3438 cantata
556 3397 625 3438 meo
642 3399 716 3458 quas
731 3380 818 3439 flevit
832 3379 965 3456 Ianthis,

249 3461 343 3521 Cuius
356 3461 390 3522 ln
402 3459 508 3540 Elysio
523 3463 610 3542 nigra
624 3462 763 3524 columba
776 3460 867 3526 volut.
