2370 3924
128 240 172 309 28
451 245 495 307 M.
511 245 604 307 VAL.
621 244 846 305 MARTIALIS

135 460 138 465 ,
214 399 303 460 Hanc
318 404 409 478 pete,
433 417 492 458 nec
507 404 625 458 metuas
640 398 737 457 fastus
753 396 911 476 limenque
926 403 1112 480 superbum:

255 481 348 543 Nulla
368 484 464 561 magis
480 487 547 541 toto
562 483 652 540 ianua
665 488 755 561 poste
769 488 873 561 patet,

100 580 112 601 ’
172 567 278 628 leec
292 568 421 647 propior
438 584 527 643 quam
541 564 686 625 Phoebus
704 570 785 625 amet
800 564 972 645 doctaeque
987 587 1125 637 sorores.

127 668 134 703 ἐ
256 650 290 711 si
306 649 390 710 dicet
403 649 527 727 „Quare
542 655 721 715 nontamen
735 649 803 728 ipse
816 649 945 709 venit?“

213 734 265 795 Sic
279 731 356 795 lIcet
370 750 497 793 excuses
512 732 611 810 „Quia
623 732 845 811 qualiacunque
859 730 1006 812 leguntur

254 818 332 896 Ista,
356 815 506 877 salutator
521 817 660 876 scribere
673 836 735 875 non
749 817 883 895 potuIt.“

599 970 706 1035 LXXI.

213 1098 326 1160 Laevia
340 1119 394 1160 sex
410 1102 545 1180 cyathis,
568 1108 687 1181 septem
701 1102 817 1162 Iustina
830 1103 969 1179 bibatur,

257 1185 398 1264 Quinque
415 1185 530 1264 Lycas,
551 1184 639 1264 Lyde
655 1191 815 1263 quattuor,
836 1185 890 1246 Ida
902 1187 1012 1249 tribus.

215 1267 320 1327 Omnis
337 1271 374 1327 ab
390 1268 492 1329 iufuso
506 1275 687 1329 numeretur
704 1271 798 1329 amica
812 1268 963 1347 Falerno,

255 1353 298 1413 Et
311 1353 382 1431 quia
396 1350 481 1412 nulla
495 1354 595 1430 venit,
618 1358 652 1412 tu
666 1354 757 1430 mibi,
780 1353 910 1431 Somne,
931 1355 1014 1413 roni.

590 1516 710 1577 LXXII.

211 1639 335 1703 Nostris
349 1644 489 1704 versibus
506 1663 575 1705 esse
589 1652 622 1704 te
635 1652 774 1724 poetam,

212 1724 396 1804 Fidentine,
418 1735 507 1806 putas
526 1729 673 1807 cupisque
689 1728 798 1788 credi?

214 1808 265 1866 Sic
280 1808 405 1869 dentata
423 1811 482 1869 sibi
496 1809 620 1870 videtur
638 1809 738 1889 Aegle

212 1891 332 1971 Emptis
347 1894 466 1952 ossibus
480 1893 647 1972 Indicoque
664 1914 774 1969 cornu;

190 1975 265 2035 5Sic
281 1993 359 2053 quae
372 1977 491 2054 nigrior
505 1982 553 2037 est
568 1976 698 2038 cadente
711 1998 815 2056 moro,

214 2060 379 2119 Cerussata
395 2061 455 2120 sibi
467 2060 573 2141 placet
586 2061 725 2141 Lycoris.

210 2143 277 2202 Hac
294 2150 327 2203 et
340 2150 375 2204 tu
388 2146 510 2206 ratione
527 2166 585 2226 qua
599 2153 692 2226 poeta
707 2165 758 2225 ea,

212 2226 322 2287 Calvus
338 2248 405 2288 cum
418 2228 532 2308 fueris,
555 2232 617 2290 eris
634 2237 778 2293 comatus.

582 2378 715 2439 LXXIII.

209 2498 321 2560 Nullus
335 2502 367 2560 in
384 2505 461 2563 urbe
476 2505 536 2564 fuit
551 2512 617 2563 tota
632 2506 683 2582 qui
698 2510 828 2584 tangere
842 2502 937 2564 vellet

252 2585 387 2645 Uxorem
401 2589 514 2666 gratis,
537 2586 729 2666 Caeciliane,
752 2594 850 2666 tuam,
875 2620 878 2625 ·

211 2662 289 2727 Dum
305 2667 408 2730 licuit:
424 2670 480 2730 scd
494 2690 575 2730 nunc
589 2674 699 2752 positIs
714 2671 892 2732 custodibus
905 2674 1015 2752 ingens

253 2752 358 2812 Turba
372 2754 542 2815 fututorum
559 2763 624 2815 est:
645 2758 822 2835 Ingeniosus
837 2756 928 2816 homo
945 2774 987 2817 es.

572 2903 708 2966 LXXIV.

129 3010 131 3019 ¹
208 3026 359 3086 Moechus
375 3035 458 3087 erat:
473 3034 598 3106 poteras
612 3034 715 3088 tamen
730 3030 790 3089 hoc
804 3036 854 3109 tu,
869 3032 981 3112 Paula,
1000 3052 1128 3113 negare.

250 3109 333 3169 Ecce
347 3111 393 3169 vir
411 3116 473 3170 est:
495 3111 659 3190 numquId,
680 3111 791 3192 Paula,
814 3133 928 3193 negare
943 3118 1056 3197 potes?

585 3260 706 3323 LXXV.

206 3387 373 3448 Dtmidium
389 3389 505 3449 donare
519 3389 597 3451 Lino
615 3412 703 3472 quam
718 3393 849 3454 credere
864 3400 961 3454 totum

250 3471 308 3547 Qui
326 3472 454 3551 mavolt,
476 3472 588 3534 mavolt
601 3475 737 3555 perdere
752 3477 920 3538 dlmidium.
