2370 3924
311 227 847 293 u1²1cusuuau0uu1uua1u
1027 196 1029 203 ’
1061 233 1102 300 71

183 382 314 444 Putidus
329 388 395 461 est,
416 386 532 443 totiens
548 384 574 442 si
592 384 666 443 mihi
680 384 770 463 ponis
785 404 902 464 aprum.

140 467 233 545 Quod
247 470 274 527 si
288 486 351 525 non
366 469 516 526 scombris
530 465 684 527 scelerata
698 473 841 546 poemata
856 468 967 549 donas,

98 564 132 617 10
183 551 317 613 Cenabis
335 548 511 630 salusiam,
532 550 696 629 Ligurine,
719 549 811 612 domi.

553 697 602 759 LI.
647 748 648 752 ,

829 785 846 808 b

141 825 220 886 eum
232 825 345 886 faciem
358 823 467 904 laude,
483 845 550 884 cum
563 825 661 885 miror
676 845 766 885 crura
779 844 964 906 manusque,

183 909 314 987 Dicere,
332 907 437 987 Galla,
459 906 542 968 soles
557 907 666 986 „Nuda
680 908 810 989 placebo
825 911 953 990 magis,“

139 994 183 1054 nt
197 1011 321 1072 semper
335 994 412 1053 vitas
429 994 600 1052 communia
613 993 723 1053 balnea
737 994 835 1054 nohis.

182 1075 354 1156 Numquid,
377 1074 481 1154 Galla,
502 1077 610 1155 times,
632 1095 672 1135 ne
688 1078 745 1137 tibi
759 1096 821 1136 nou
833 1077 994 1158 placeam?

547 1225 610 1287 LII.

138 1352 252 1431 Empta
268 1349 375 1412 dumus
389 1352 493 1413 fuerat
506 1355 580 1432 tibi,
603 1352 807 1432 Tongiliane,
829 1352 956 1414 ducenis

181 1435 319 1496 Abstulie
333 1436 413 1496 hanc
426 1437 552 1497 nimium
568 1456 656 1496 casus
672 1439 704 1497 in
719 1440 797 1498 urbe
811 1437 970 1517 frequens.

89 1516 96 1524 ’
139 1517 295 1580 Collatum
310 1525 358 1580 est
372 1519 508 1581 deciens.
537 1522 641 1598 Rogo,
662 1540 725 1580 non
739 1527 830 1602 potes
843 1524 911 1601 ipse
926 1522 1026 1583 videri

181 1602 360 1664 Incendisse
376 1611 475 1682 tuum,
498 1603 699 1683 Tongiliane,
722 1604 868 1666 domum?

541 1750 617 1816 LIII.

137 1877 181 1937 ut
192 1874 278 1937 voltu
290 1883 432 1958 poteram
444 1882 498 1938 tuo
517 1897 625 1939 carere

137 1961 182 2022 Et
196 1958 278 2021 collo
293 1963 494 2041 manibusque
509 1965 712 2042 cruribusque

137 2045 181 2104 ut
193 2046 331 2105 mammis
346 2047 530 2125 natibusque
545 2045 765 2128 claudensque,

136 2129 196 2207 ut,
216 2146 256 2188 ne
271 2128 392 2208 singula
405 2130 553 2211 persequi
567 2129 725 2211 laborem,

112 2211 222 2274 sucu
236 2218 270 2273 te
281 2221 439 2294 poteram,
462 2213 578 2292 Chloe,
601 2233 718 2276 carere.

535 2365 613 2428 LIV.

137 2490 216 2551 (lum
230 2489 305 2550 dare
322 2510 384 2550 non
397 2493 513 2573 possim
528 2492 611 2571 quod
626 2493 744 2573 poscis,
768 2488 874 2568 Galla,
894 2497 1071 2569 rogantem,

179 2573 284 2636 Multo
298 2573 485 2656 simplicius,
508 2575 615 2655 Galla,
636 2594 752 2655 negare
766 2582 866 2657 potes.

536 2724 601 2787 LV.

135 2849 227 2926 Quod
242 2870 422 2933 quacunque
437 2853 539 2929 venis,
563 2851 707 2911 Cosmum
723 2850 857 2928 migrare
870 2854 1012 2930 putamus

178 2934 220 2995 ut
231 2935 331 2996 fluere
346 2955 475 2996 excusso
491 2934 630 2994 cinnama
643 2935 712 2994 fusa
727 2934 825 3012 vitro,

134 3015 215 3078 Nolo
230 3021 405 3099 peregrinis
420 3019 544 3101 placeas
559 3020 633 3097 tibi,
656 3016 777 3096 Gellia,
798 3019 897 3097 nugis.

178 3101 262 3181 Scis,
284 3110 378 3183 puto,
400 3122 491 3185 posse
509 3122 610 3164 meum
624 3104 669 3164 sic
683 3104 765 3163 bcne
780 3102 866 3164 olere
882 3119 996 3162 canem.

535 3252 612 3315 LVI.

133 3378 184 3440 Sit
196 3380 332 3440 cisterna
345 3380 437 3459 mihi,
461 3401 550 3461 qnam
564 3383 668 3461 vinea,
690 3379 771 3441 malo
786 3381 965 3459 Ravennae,

175 3462 254 3526 Gnm
271 3465 387 3547 possim
401 3463 498 3526 multo
512 3464 649 3528 vendere
664 3465 764 3550 pluris
779 3485 899 3548 aquam.
