2370 3924
301 208 642 269 EPIGRAMMA'I'ON
655 209 729 271 LIB.
744 211 766 272 l.
1017 213 1059 276 29

464 410 600 472 LXXVI.

92 529 119 590 0
139 523 215 585 mlhi
232 542 374 586 curarum
388 526 523 603 pretium
538 543 600 583 non
615 523 677 584 vile
691 543 845 606 mearum,

134 607 267 687 Flacco,
286 608 460 668 Antenorei
473 626 545 688 opes
560 614 593 667 et
609 608 730 669 alumne
743 608 836 688 laris,

94 693 218 754 Pierios
234 690 328 752 differ
343 697 449 752 cantus
465 693 675 771 citharamque
689 713 848 769 sororum;

138 777 203 837 Aes
218 774 304 838 dabit
324 794 361 835 en
374 777 442 835 istis
458 774 542 835 nulla
556 775 660 856 puella
675 778 740 838 tibi.

72 859 181 938 oQuid
194 860 277 940 petis
294 880 311 918 1
324 859 475 919 Phoebo?
490 880 628 920 nummos
644 862 738 921 habet
753 882 823 921 arco
838 862 1017 939 Mineryae3

138 944 338 1026 Haecsapit,
360 944 437 1003 haec
452 963 557 1004 omnes
572 945 697 1005 fenerat
715 965 775 1004 una
790 944 873 1006 deos.

98 1027 179 1107 Quid
193 1032 324 1108 possunt
340 1027 476 1088 hederae
491 1029 605 1088 Bacchi
622 1028 721 1089 dure?
749 1027 887 1090 Palladis
902 1032 995 1091 arbor

140 1109 273 1173 lncIInat
287 1113 386 1170 varias
399 1110 540 1191 pondere
555 1114 644 1191 nIgra
657 1132 767 1173 comas.

97 1197 230 1258 Praeter
245 1214 338 1273 aquas
355 1193 491 1255 Helicon
507 1202 539 1256 et
554 1203 639 1257 serta
654 1194 802 1276 lyrasque
818 1196 945 1259 dearum
1040 1246 1042 1253 .

55 1293 91 1346 lo
137 1279 190 1341 Nil
204 1279 301 1338 habet
317 1285 350 1338 et
365 1298 522 1358 magnum,
545 1280 602 1340 sed
615 1282 766 1362 perinane
781 1283 903 1360 sophos.
1040 1332 1042 1355 ,

99 1364 181 1442 Quid
194 1364 252 1424 tibi
269 1382 337 1422 cum
352 1363 487 1423 Cirrha?
509 1364 584 1443 quid
598 1384 666 1425 cum
681 1365 878 1426 Permesside
893 1366 997 1427 nuda?
1040 1366 1043 1423 3

140 1450 309 1509 Romanum
322 1448 450 1527 propius
468 1446 654 1528 dialtiusque
672 1450 773 1509 forum
788 1456 844 1509 est.
1036 1458 1041 1511 .'

99 1531 168 1594 IIIIc
184 1550 257 1592 aera
271 1537 395 1591 sonant:
419 1536 449 1590 11
467 1533 583 1591 circum
597 1530 717 1612 pulpita
731 1538 838 1591 nostra
1035 1534 1038 1539 '
1076 1488 1085 1581 I
1096 1540 1112 1587 2

140 1618 181 1677 Et
195 1612 321 1676 steriles
337 1614 500 1675 cathedras
516 1615 600 1674 basia
614 1614 680 1674 sola
695 1620 833 1694 crepant.

465 1781 613 1842 LXXVII.
649 1769 652 1775 ¹

98 1895 235 1958 Pulchre
251 1893 334 1956 valet
347 1896 516 1974 Charinus,
538 1903 570 1956 et
585 1902 688 1956 tamen
701 1895 809 1976 pallet.

98 1984 198 2042 Parce
213 1982 293 2041 bibit
307 1980 475 2058 Charinus,
498 1986 648 2040 ettamen
662 1979 768 2060 pallet.

99 2069 187 2126 Bene
203 2065 369 2142 concoquit
383 2065 554 2141 chorium,
577 2071 610 2124 et
624 2070 728 2124 tamen
741 2062 850 2145 pallet.

99 2149 175 2211 Sole
189 2150 287 2209 utitur
301 2149 469 2226 Charinus,
492 2154 525 2207 et
538 2154 642 2208 tamen
655 2147 759 2228 pallet.

77 2235 213 2314 §Tinglt
227 2239 329 2292 cutem
344 2233 513 2309 Charinus,
537 2237 569 2291 et
583 2238 686 2291 tamen
700 2230 807 2311 pallet.

99 2320 240 2378 Gonnum
257 2317 409 2378 GharInus
422 2313 529 2394 lingit,
552 2321 585 2374 et
598 2321 700 2375 tamen
714 2314 820 2396 pallet.

461 2477 621 2544 LXXVIII.

99 2611 244 2692 Indignas
258 2617 417 2690 premeret
431 2611 530 2690 pestis
545 2630 614 2670 cum
628 2608 733 2669 tabida
746 2609 852 2672 lauces

141 2697 240 2774 Inque
256 2714 327 2755 snos
342 2692 442 2754 voltus
457 2700 602 2775 serperet
616 2699 683 2753 atra
695 2691 780 2770 lues,

100 2781 200 2842 Siccis
213 2781 281 2859 ipse
299 2779 386 2857 genio
398 2779 511 2838 flentes
526 2779 666 2839 hortatur
686 2778 799 2835 amicos

142 2863 291 2924 Decrevit
306 2862 430 2941 Stygios
444 2862 557 2921 Festus
573 2859 659 2920 adire
673 2856 769 2920 lacus.

80 2947 289 3010 ostentamen
305 2947 436 3006 obscuro
450 2946 502 3024 pia
517 2941 631 3025 polluit
649 2964 703 3003 ora
716 2961 835 3004 veneno

143 3033 207 3092 Aut
220 3031 313 3091 torsit
328 3028 415 3090 lenta
430 3029 531 3089 tristia
545 3028 608 3089 fata
622 3030 718 3105 fame,

101 3115 247 3195 Sanctam
261 3115 398 3174 Romana
411 3115 503 3173 111111
517 3112 575 3174 sed
588 3119 688 3173 morte
702 3114 827 3192 peregit

143 3199 329 3278 Dlmisitqne
344 3199 473 3258 animam
487 3195 642 3258 nobiliore
657 3199 713 3256 viu.

10 3331 15 3340 .
100 3284 190 3344 Hanc
206 3289 338 3344 mortem
352 3282 424 3342 fatis
438 3282 540 3360 magni
554 3281 716 3362 praeferre
732 3281 859 3341 Catonis

60 3376 94 3429 lo
142 3368 238 3428 Fama
251 3373 371 3448 potest:
393 3367 484 3426 huius
500 3366 614 3427 Cacsar
629 3366 743 3425 amicus
758 3369 835 3428 erat.
