2370 3924
88 217 132 284 88
413 217 458 281 M.
474 216 566 281 an.
582 217 805 280 MARTIALIS

215 371 317 447 Dona,
338 368 535 447 peregrinam
549 368 696 427 mittimus
711 366 938 429 endromidam:
954 405 1000 416 —-

151 453 238 515 5Seu
250 451 371 512 lentum
385 470 507 511 ceroma
522 451 598 510 teris
614 450 789 530 tepidumve
806 452 943 531 trigona,

217 537 287 597 Sive
302 537 447 616 harpasta
462 553 551 592 manu
565 532 783 614 pulverulenta
797 535 899 614 rapis;

172 619 298 681 Plumea
314 638 369 679 seu
381 617 443 678 Iani
457 618 584 698 partiris
597 617 737 698 pondera
750 615 851 695 follis,

216 705 287 764 Sive
300 701 402 763 levem
417 720 509 761 eursu
522 702 647 761 vincere
663 702 785 780 quaeris
799 701 917 761 Athan:
932 736 980 749 -

171 789 217 849 Ne
234 786 372 847 madidos
386 787 484 846 intret
497 783 691 866 penetrabile
704 785 802 862 frigus
816 785 850 845 In
864 790 966 865 artus,

130 882 165 935 10
213 871 297 931 Neve
314 871 414 950 gravis
429 870 530 939 subita
543 874 575 929 te
591 874 711 948 premat
726 868 783 929 Iris
798 888 890 947 aqua:

171 955 299 1016 Ridebis
313 960 422 1014 ventos
437 955 497 1012 hoo
511 971 639 1012 munere
654 958 755 1013 tectus
769 957 803 1012 et
815 953 949 1013 imbrear

213 1038 278 1099 Neo
296 1038 340 1098 aio
356 1038 388 1097 in
405 1036 502 1117 'I'yria
516 1035 646 1096 sindone
660 1034 761 1096 cultus
776 1036 847 1097 eris.

576 1169 643 1231 XX.

172 1283 254 1341 Dicit
269 1299 303 1342 se
318 1280 467 1360 vetulam,
490 1301 558 1342 eum
575 1282 616 1341 ait
631 1278 785 1342 Caerellia
798 1300 894 1360 pupa:

213 1367 329 1446 Pupam
345 1384 378 1426 se
394 1365 471 1425 dicIt
487 1363 605 1441 Gellia,
626 1385 694 1424 eum
708 1366 750 1424 sit
766 1383 849 1426 anus.

115 1513 120 1523 .,
170 1449 271 1510 Ferre
286 1469 344 1510 nee
358 1451 437 1510 hano
450 1450 566 1529 possis,
589 1450 706 1527 possis,
729 1445 869 1527 Colline,
886 1443 949 1509 ‘nee
963 1446 1072 1511 illamt

213 1533 322 1594 Altera
337 1530 468 1595 ridicula
483 1539 547 1611 est,
569 1530 667 1592 altera
681 1529 831 1612 putidnla.

563 1665 642 1727 XXI.

169 1777 280 1839 Nullos
296 1796 365 1838 esse
381 1778 472 1856 deus,
493 1779 585 1838 Inane
604 1776 720 1838 eaelum

171 1862 315 1922 Affirmat
330 1861 439 1939 Segius
453 1863 640 1941 probatque,
665 1860 747 1940 quod
761 1879 795 1920 se

169 1945 315 2022 Factum,
336 1943 406 2003 dum
421 1951 513 2023 negat
527 1945 620 2022 haee,
642 1945 727 2005 videt
739 1946 871 2005 beatum.

556 2078 648 2139 XXII.

170 2189 291 2249 Primos
305 2210 394 2270 passa
408 2196 495 2252 toros
509 2198 542 2252 et
556 2192 655 2252 adhue
670 2188 820 2272 placanda
833 2190 943 2250 marito

213 2273 369 2334 Merserat
384 2277 417 2333 In
431 2275 546 2335 nitidos
562 2294 596 2336 ae
611 2274 777 2355 Cleopatra
790 2273 890 2348 lacus,
983 2288 986 2293 ·

169 2357 247 2415 Dum
262 2357 341 2436 fugit
359 2357 532 2439 amplexus:
555 2359 612 2419 aed
625 2359 765 2440 prodidit
779 2357 860 2417 unda
873 2355 1047 2434 latentem,

210 2439 363 2518 Lucebat,
385 2443 459 2501 totis
474 2462 542 2502 oum
556 2448 716 2521 tegeretur
731 2445 825 2522 aquis.

146 2522 303 2585 bcondita
319 2525 363 2583 sIe
376 2545 454 2603 puro
470 2534 670 2586 numerantur
684 2524 752 2586 lilia
765 2528 862 2604 vitro,

212 2606 263 2665 Sia
278 2608 424 2686 prohibat
438 2610 539 2669 tenuis
554 2628 672 2687 gemma
685 2608 786 2670 latere
800 2629 896 2672 rosas.

166 2689 273 2750 InsiIui
287 2709 467 2771 mersusque
484 2693 568 2753 vadis
582 2691 732 2754 luctantia
745 2694 846 2773 carpsi
934 2730 943 2745 ·

209 2776 316 2835 Basia:
337 2779 520 2857 perspicuae
533 2776 604 2858 plus
621 2778 759 2840 vetuistis
774 2796 879 2857 aquae.

552 2925 656 2988 XXIII.

167 3036 245 3096 Dum
260 3044 293 3097 tu
307 3035 395 3097 lenta
408 3038 498 3096 nimis
514 3037 629 3116 diuque
646 3040 784 3117 quaeris,

167 3121 241 3194 Quis
260 3121 377 3200 primus
394 3120 450 3179 tibi
466 3122 571 3199 quisve
586 3123 627 3182 sit
641 3121 809 3199 secundus,

167 3203 292 3262 Graium
308 3204 413 3281 quisve
429 3206 614 3283 epigramma
629 3206 826 3287 compararit:

165 3285 299 3346 Palmam
314 3286 535 3365 CaIIImaehus‚
559 3288 688 3369 Thalia,
710 3289 750 3349 de
769 3306 803 3348 se

143 3369 311 3430 5Faeundo
328 3368 415 3430 dedIt
429 3374 496 3453 ipse
511 3374 668 3434 Brutiano.

166 3455 225 3530 Qui
239 3455 266 3514 si
281 3455 433 3536 Cecropio
448 3464 532 3518 satur
546 3454 656 3536 lepore
