2370 3924
280 249 619 309 EPIGRAMMATON
632 249 705 311 LIB.
721 251 800 312 XIII.
1003 251 1065 317 317

406 449 483 510 xci.
511 452 682 529 Acipensis.

104 563 155 626 Ad
169 561 324 624 Palatinas
340 562 514 641 acipensem
531 563 646 621 mittite
662 580 791 625 mensas.

147 647 326 708 Ambrosias
342 651 455 705 orueut
470 663 598 705 munera
611 665 683 705 rara
697 645 800 726 dapes.

410 779 501 839 xcii.
524 778 672 860 Lepores.

102 881 189 941 Inter
204 896 274 938 aves
288 875 414 954 turdus,
435 879 461 937 si
478 876 552 955 quid
565 896 614 937 me
628 876 732 937 iudice
748 883 866 938 certum
882 884 947 956 eat,

146 964 231 1023 Inter
246 958 462 1041 quadrupedes
476 967 590 1021 mattea
603 963 703 1041 prima
716 958 816 1040 lepus.

425 1093 530 1154 xclu.
556 1093 651 1175 Aper.

104 1194 166 1271 Qui
180 1189 350 1252 Diomediis
365 1189 550 1250 metuendus
565 1193 683 1270 setiger
697 1193 778 1270 agris

147 1274 257 1336 Aetola
270 1273 384 1336 cecidIt
399 1272 544 1354 cuspide,
567 1273 636 1335 talis
653 1282 730 1334 erat.

392 1405 500 1469 xciv.
525 1407 689 1468 Dammae.

103 1505 206 1564 Dente
219 1505 347 1564 timetur
363 1522 454 1584 aper,
477 1503 651 1564 defendant
666 1520 781 1564 cornua
792 1520 931 1563 cervum:

145 1586 290 1649 Imbellcs
306 1586 442 1648 dammae
458 1587 548 1666 quid,
570 1591 631 1649 nisi
647 1584 780 1669 praeda,
804 1588 930 1647 sumus?

436 1719 530 1781 XCV.
557 1719 654 1798 Oryx.

104 1818 325 1879 Matutinarum
343 1838 406 1879 non
421 1818 530 1880 uIIIma
543 1820 658 1900 praeda
672 1822 808 1882 ferarum

147 1901 260 1961 Saevos
275 1921 351 1982 oryx
368 1911 489 1965 constat
503 1911 578 1983 quot
592 1906 667 1965 mihi
682 1912 782 1966 morte
798 1908 921 1967 cauum!

413 2035 520 2097 xcvl.
548 2034 671 2097 Gerous.

104 2129 164 2189 Hic
179 2139 247 2191 erat
260 2130 315 2192 ille
329 2136 382 2192 tuo
401 2131 549 2208 domimo,
572 2134 755 2213 cyparisse,
778 2136 935 2213 capistro?

146 2215 195 2273 Au
210 2216 304 2293 magis
317 2216 379 2274 iste
396 2222 482 2292 tuus,
505 2215 613 2293 Silvia,
636 2235 743 2276 cervos
759 2218 849 2276 erat?

405 2346 527 2407 XCVII.
552 2345 682 2409 Lalisio.

105 2443 184 2502 Dum
199 2449 289 2504 tener
305 2451 354 2505 est
369 2462 484 2522 onager
502 2442 630 2525 solaque
645 2445 746 2506 lalisIo
762 2453 860 2507 matre

147 2528 303 2605 Pascitur,
325 2529 385 2588 hoc
398 2529 516 2607 infans,
539 2527 595 2589 sed
609 2532 704 2590 breve
719 2550 831 2591 nomeu
847 2532 953 2593 habet.

396 2660 531 2722 XCVIII.
557 2661 690 2737 Dorcoa.

104 2754 258 2815 Delicium
272 2775 364 2834 parvo
381 2755 508 2815 donabis
524 2756 657 2816 dorcada
671 2763 759 2815 nator

148 2839 269 2898 Iactatis
285 2838 365 2898 solet
379 2840 457 2898 hanc
472 2841 598 2899 mittere
613 2842 703 2900 turba
717 2841 807 2918 togis.

409 2974 515 3034 XCIX.
542 2974 673 3054 Caprea.

106 3070 300 3132 Pendentem
318 3092 432 3132 summa
448 3092 590 3152 capream
605 3072 644 3131 de
657 3090 734 3151 rupe
750 3071 884 3132 videbis:

151 3156 297 3217 Casuram
313 3175 438 3236 aperes;
462 3155 595 3235 despicIt
610 3155 667 3214 illa
682 3174 782 3215 canes.

451 3292 486 3354 0.
511 3291 646 3370 Onager.

107 3383 245 3446 Pulcher
263 3386 351 3448 adest
366 3407 495 3466 onager:
517 3389 599 3446 mitti
615 3389 737 3448 uenatio
754 3386 849 3448 debet

148 3469 258 3531 Dentis
269 3471 450 3550 Erythraei:
467 3473 527 3531 iam
541 3479 698 3532 removete
714 3474 805 3533 ainus.
