2370 3924
90 243 154 309 280
413 242 458 304 Μ.
473 241 564 305 VAL.
580 240 808 305 Manilius

176 397 258 472 Quas
273 413 342 454 oum
358 399 467 454 conata
481 411 515 452 es
536 391 659 471 dextra,
683 399 791 454 oonata
806 395 933 456 sinistra

218 477 364 555 Vellere,
388 497 455 537 oum
469 474 606 538 lacrimis
620 477 726 537 eximis
741 483 776 537 et
791 479 919 556 gemitu.

155 562 229 625 osio
244 562 497 640 constringuntur
511 562 631 639 gemina
647 558 854 640 Symplegade
869 562 933 624 culi

218 647 260 706 nt
274 646 395 725 Minyas
410 647 528 705 intrant
543 643 744 723 Cyaneasque
758 651 857 707 nates.
959 703 962 706 ,

177 727 351 791 Emendare
367 730 453 807 cupis
468 729 575 789 vitium
591 727 754 810 deformet
775 726 914 791 docebo:

218 813 347 892 Lesbia,
368 830 427 872 neo
440 831 546 891 surgas
562 829 690 888 censeo,
713 829 771 871 uec
789 810 911 877 sedeas.

597 945 631 1005 G.

176 1058 302 1117 Habere
317 1054 443 1115 amioum
457 1052 547 1132 nolo,
566 1053 695 1132 Flecte,
716 1052 879 1132 subtilem,

178 1142 271 1202 Gaius
285 1139 421 1201 lacertos
438 1137 521 1198 anuli
538 1139 599 1198 mei
615 1138 754 1216 cingant,

177 1226 262 1301 Quae
277 1223 368 1284 clune
383 1220 465 1282 nudo
481 1221 570 1282 radat
584 1228 616 1282 et
631 1239 712 1301 genu
724 1227 858 1303 pungat,

179 1310 236 1370 Cui
251 1327 338 1369 serra
351 1305 481 1383 lumbis,
503 1306 606 1385 cuspis
622 1307 736 1366 emicet
750 1302 831 1365 culo.

177 1391 242 1453 Sed
254 1392 338 1453 idem
354 1391 480 1451 amicam
494 1388 567 1448 nolo
582 1388 667 1449 mille
680 1387 840 1450 librarum.

178 1477 343 1537 Carnarius
357 1494 438 1552 sum,
459 1473 649 1555 pinguiarius
663 1491 726 1533 non
741 1492 816 1532 snm.

596 1606 644 1667 Gi.

179 1706 301 1768 'l'haida
315 1714 376 1767 tam
393 1713 518 1767 tenuem
531 1707 676 1787 potuisti,
696 1705 824 1783 Flueoe‚
847 1703 978 1768 videre?

221 1791 287 1868 Tu,
307 1797 400 1871 puto,
424 1790 507 1869 quod
520 1811 582 1851 nou
598 1796 661 1866 est,
683 1788 813 1868 Flacco,
835 1787 944 1851 videre
959 1798 1061 1873 poten

585 1924 646 1985 011.

177 2026 246 2084 Nou
262 2029 310 2082 est
324 2025 489 2098 mentitus,
512 2024 611 2102 quite
626 2023 701 2096 mihi
716 2021 794 2082 dixit
810 2024 930 2084 habere

218 2107 398 2168 Formosam
416 2126 556 2183 carnem,
575 2105 689 2186 Lydia,
711 2127 772 2166 non
786 2107 907 2168 faciem.

177 2193 235 2253 Est
248 2193 308 2267 ita,
331 2193 357 2250 si
373 2197 474 2250 taceas
489 2197 521 2250 et
536 2192 562 2251 si
578 2196 639 2249 tam
654 2197 737 2249 muta
751 2193 930 2270 recumbas,

220 2277 316 2352 Quam
331 2274 404 2335 silet
417 2277 449 2334 in
465 2293 537 2334 cera
551 2272 652 2335 voltus
669 2275 747 2333 etin
762 2274 874 2335 tabula.

156 2359 242 2421 §Sed
259 2361 402 2436 quotiens
416 2358 571 2437 loqueris,
593 2377 716 2416 earnem
733 2376 871 2437 quoque,
885 2356 1008 2438 Lydia,
1024 2356 1101 2440 perdi

219 2445 261 2502 nt
275 2462 328 2500 sna
342 2441 412 2520 plus
430 2441 525 2522 nulli,
549 2462 637 2521 quam
652 2442 725 2519 tibi,
745 2438 851 2519 lingua
869 2448 972 2502 nocet.

178 2525 291 2585 Audiat
305 2522 415 2585 aedilis
429 2546 469 2586 ne
484 2535 516 2586 te
531 2525 695 2604 videatque
710 2531 832 2585 caveto:

218 2610 401 2669 Portentum
416 2617 481 2687 est,
504 2611 646 2688 quotiens
662 2609 765 2689 eoepit
777 2610 876 2688 imago
890 2606 993 2688 ioqui.

578 2742 651 2803 0111.

181 2843 281 2903 Tanta
295 2844 353 2902 tibi
371 2849 419 2903 est
434 2843 525 2903 animi
539 2843 677 2922 probitas
693 2841 836 2920 orisque,
858 2838 1004 2921 Safroni,

219 2927 263 2987 Ut
277 2928 371 2986 mirer
386 2927 456 2986 tieri
474 2935 505 2985 te
520 2927 657 3005 potuisse
670 2931 800 3005 patrem.

576 3059 654 3122 clv.

177 3154 277 3233 Uxor,
299 3155 376 3215 vade
393 3157 493 3235 foras,
516 3165 566 3217 aut
582 3160 717 3218 moribus
734 3164 823 3217 utere
836 3158 971 3217 uostris:

222 3239 289 3298 Non
306 3259 370 3298 sum
387 3260 443 3317 ego
459 3261 517 3301 nee
533 3244 660 3318 Curius,
682 3261 740 3301 nec
755 3243 867 3317 Numa,
889 3259 950 3301 neo
966 3241 1088 3302 Tatius.

177 3321 231 3381 Me
246 3322 378 3381 iucunda
391 3325 495 3383 iuvant
510 3331 626 3385 tractae
643 3345 701 3405 per
716 3324 828 3405 poeula
840 3331 967 3384 noctes:

220 3405 267 3464 Tu
284 3424 432 3486 properas
446 3414 518 3486 pota
534 3427 661 3487 surgere
678 3411 777 3469 tristis
793 3428 879 3486 aqua.

153 3488 226 3550 5Tu
246 3491 385 3552 tenebris
400 3491 530 3571 gaudes:
551 3512 599 3552 me
613 3491 725 3552 ludere
739 3498 821 3553 teste
836 3492 965 3551 lucerna
