<?xml version="1.0" encoding="UTF-8"?>
<!DOCTYPE html PUBLIC "-//W3C//DTD XHTML 1.0 Transitional//EN"
    "http://www.w3.org/TR/xhtml1/DTD/xhtml1-transitional.dtd">
<html xmlns="http://www.w3.org/1999/xhtml" xml:lang="en" lang="en">
 <head>
  <title>
</title>
<meta http-equiv="Content-Type" content="text/html;charset=utf-8" />
  <meta name='ocr-system' content='tesseract 3.04.00' />
  <meta name='ocr-capabilities' content='ocr_page ocr_carea ocr_par ocr_line ocrx_word'/>
</head>
<body>
  <div class='ocr_page' id='page_1' title='image "./epigrammatonlib02martgoog_0212.png"; bbox 0 0 2370 3924; ppageno 0'>
   <div class='ocr_carea' id='block_1_1' title="bbox 306 239 824 308">
    <p class='ocr_par' dir='ltr' id='par_1_1' title="bbox 306 239 824 308">
     <span class='ocr_line' id='line_1_1' title="bbox 306 239 824 308; baseline 0.004 -3"><span class='ocrx_word' id='word_1_1' title='bbox 306 239 646 305; x_wconf 74' lang='lat' dir='ltr'><strong>EPIGRAMMATON</strong></span> <span class='ocrx_word' id='word_1_2' title='bbox 658 243 732 304; x_wconf 86' lang='lat' dir='ltr'>LIB.</span> <span class='ocrx_word' id='word_1_3' title='bbox 747 242 824 308; x_wconf 86' lang='lat' dir='ltr'>VIII.</span> 
     </span>
    </p>
   </div>
   <div class='ocr_carea' id='block_1_2' title="bbox 501 442 639 507">
    <p class='ocr_par' dir='ltr' id='par_1_2' title="bbox 501 442 639 507">
     <span class='ocr_line' id='line_1_2' title="bbox 501 442 639 507; baseline 0.029 -4"><span class='ocrx_word' id='word_1_4' title='bbox 501 442 639 507; x_wconf 87' lang='lat' dir='ltr'>XXXIX.</span> 
     </span>
    </p>
   </div>
   <div class='ocr_carea' id='block_1_3' title="bbox 100 554 950 1057">
    <p class='ocr_par' dir='ltr' id='par_1_3' title="bbox 100 554 950 1057">
     <span class='ocr_line' id='line_1_3' title="bbox 125 554 798 636; baseline 0.003 -21"><span class='ocrx_word' id='word_1_5' title='bbox 125 556 190 634; x_wconf 79' lang='lat' dir='ltr'><strong>Qui</strong></span> <span class='ocrx_word' id='word_1_6' title='bbox 203 554 361 616; x_wconf 85' lang='lat' dir='ltr'><strong>PalatInae</strong></span> <span class='ocrx_word' id='word_1_7' title='bbox 380 564 507 636; x_wconf 90' lang='lat' dir='ltr'><strong>caperet</strong></span> <span class='ocrx_word' id='word_1_8' title='bbox 525 558 662 617; x_wconf 81' lang='lat' dir='ltr'><strong>convivia</strong></span> <span class='ocrx_word' id='word_1_9' title='bbox 674 575 798 617; x_wconf 89' lang='lat' dir='ltr'><strong>mensae</strong></span> 
     </span>
     <span class='ocr_line' id='line_1_4' title="bbox 174 639 906 720; baseline 0.003 -20"><span class='ocrx_word' id='word_1_10' title='bbox 174 639 414 718; x_wconf 88' lang='lat' dir='ltr'><strong>Ambrosiasque</strong></span> <span class='ocrx_word' id='word_1_11' title='bbox 429 639 540 720; x_wconf 88' lang='lat' dir='ltr'><strong>dapes,</strong></span> <span class='ocrx_word' id='word_1_12' title='bbox 562 659 623 700; x_wconf 93' lang='lat' dir='ltr'><strong>non</strong></span> <span class='ocrx_word' id='word_1_13' title='bbox 640 647 707 702; x_wconf 88' lang='lat' dir='ltr'><strong>erat</strong></span> <span class='ocrx_word' id='word_1_14' title='bbox 722 647 793 702; x_wconf 89' lang='lat' dir='ltr'><strong>ante</strong></span> <span class='ocrx_word' id='word_1_15' title='bbox 809 639 906 702; x_wconf 88' lang='lat' dir='ltr'><strong>locus.</strong></span> 
     </span>
     <span class='ocr_line' id='line_1_5' title="bbox 126 722 950 803; baseline 0.002 -18"><span class='ocrx_word' id='word_1_16' title='bbox 126 723 192 785; x_wconf 86' lang='lat' dir='ltr'><strong>Hic</strong></span> <span class='ocrx_word' id='word_1_17' title='bbox 205 723 332 784; x_wconf 89' lang='lat' dir='ltr'><strong>haurire</strong></span> <span class='ocrx_word' id='word_1_18' title='bbox 347 722 441 783; x_wconf 86' lang='lat' dir='ltr'><strong>decet</strong></span> <span class='ocrx_word' id='word_1_19' title='bbox 457 743 594 802; x_wconf 88' lang='lat' dir='ltr'><strong>sacrum,</strong></span> <span class='ocrx_word' id='word_1_20' title='bbox 618 726 820 803; x_wconf 84' lang='lat' dir='ltr'><strong>Germanice,</strong></span> <span class='ocrx_word' id='word_1_21' title='bbox 842 731 950 787; x_wconf 81' lang='lat' dir='ltr'><strong>nectar</strong></span> 
     </span>
     <span class='ocr_line' id='line_1_6' title="bbox 172 806 774 887; baseline 0.002 -20"><span class='ocrx_word' id='word_1_22' title='bbox 172 807 215 867; x_wconf 84' lang='lat' dir='ltr'><strong>Et</strong></span> <span class='ocrx_word' id='word_1_23' title='bbox 232 806 431 886; x_wconf 81' lang='lat' dir='ltr'><strong>Ganymedea</strong></span> <span class='ocrx_word' id='word_1_24' title='bbox 443 807 554 887; x_wconf 91' lang='lat' dir='ltr'><strong>poeula</strong></span> <span class='ocrx_word' id='word_1_25' title='bbox 567 810 659 868; x_wconf 72' lang='lat' dir='ltr'><strong>mista</strong></span> <span class='ocrx_word' id='word_1_26' title='bbox 675 829 774 869; x_wconf 92' lang='lat' dir='ltr'><strong>manu.</strong></span> 
     </span>
     <span class='ocr_line' id='line_1_7' title="bbox 100 888 848 970; baseline -0.005 -15"><span class='ocrx_word' id='word_1_27' title='bbox 100 890 209 955; x_wconf 62' lang='lat' dir='ltr'><strong>§Esse</strong></span> <span class='ocrx_word' id='word_1_28' title='bbox 224 888 317 969; x_wconf 76' lang='lat' dir='ltr'><strong>uelis,</strong></span> <span class='ocrx_word' id='word_1_29' title='bbox 340 910 413 970; x_wconf 91' lang='lat' dir='ltr'><strong>oro,</strong></span> <span class='ocrx_word' id='word_1_30' title='bbox 435 910 523 952; x_wconf 88' lang='lat' dir='ltr'><strong>serus</strong></span> <span class='ocrx_word' id='word_1_31' title='bbox 541 894 664 952; x_wconf 78' lang='lat' dir='ltr'><strong>conviva</strong></span> <span class='ocrx_word' id='word_1_32' title='bbox 680 893 848 953; x_wconf 79' lang='lat' dir='ltr'><strong>Tonantis:</strong></span> 
     </span>
     <span class='ocr_line' id='line_1_8' title="bbox 171 975 839 1057; baseline 0.003 -23"><span class='ocrx_word' id='word_1_33' title='bbox 171 975 214 1034; x_wconf 94' lang='lat' dir='ltr'><strong>At</strong></span> <span class='ocrx_word' id='word_1_34' title='bbox 228 980 260 1034; x_wconf 94' lang='lat' dir='ltr'><strong>tu</strong></span> <span class='ocrx_word' id='word_1_35' title='bbox 275 976 301 1035; x_wconf 94' lang='lat' dir='ltr'><strong>si</strong></span> <span class='ocrx_word' id='word_1_36' title='bbox 314 993 481 1055; x_wconf 84' lang='lat' dir='ltr'><strong>properas,</strong></span> <span class='ocrx_word' id='word_1_37' title='bbox 502 976 657 1056; x_wconf 87' lang='lat' dir='ltr'><strong>luppIter,</strong></span> <span class='ocrx_word' id='word_1_38' title='bbox 675 978 744 1057; x_wconf 89' lang='lat' dir='ltr'><strong>ipse</strong></span> <span class='ocrx_word' id='word_1_39' title='bbox 760 978 839 1038; x_wconf 86' lang='lat' dir='ltr'><strong>veni.</strong></span> 
     </span>
    </p>
   </div>
   <div class='ocr_carea' id='block_1_4' title="bbox 537 1110 591 1170">
    <p class='ocr_par' dir='ltr' id='par_1_4' title="bbox 537 1110 591 1170">
     <span class='ocr_line' id='line_1_9' title="bbox 537 1110 591 1170; baseline 0 0"><span class='ocrx_word' id='word_1_40' title='bbox 537 1110 591 1170; x_wconf 87' lang='lat' dir='ltr'><strong>XL</strong></span> 
     </span>
    </p>
   </div>
   <div class='ocr_carea' id='block_1_5' title="bbox 98 1204 763 1708">
    <p class='ocr_par' dir='ltr' id='par_1_5' title="bbox 124 1204 704 1288">
     <span class='ocr_line' id='line_1_10' title="bbox 124 1204 704 1288; baseline 0.005 -21"><span class='ocrx_word' id='word_1_41' title='bbox 124 1204 198 1267; x_wconf 92' lang='lat' dir='ltr'><strong>Non</strong></span> <span class='ocrx_word' id='word_1_42' title='bbox 214 1206 315 1284; x_wconf 90' lang='lat' dir='ltr'><strong>horti,</strong></span> <span class='ocrx_word' id='word_1_43' title='bbox 337 1224 439 1284; x_wconf 89' lang='lat' dir='ltr'><strong>neque</strong></span> <span class='ocrx_word' id='word_1_44' title='bbox 453 1207 589 1288; x_wconf 91' lang='lat' dir='ltr'><strong>palmitis</strong></span> <span class='ocrx_word' id='word_1_45' title='bbox 604 1210 704 1288; x_wconf 90' lang='lat' dir='ltr'><strong>beati,</strong></span> 
     </span>
    </p>

    <p class='ocr_par' dir='ltr' id='par_1_6' title="bbox 127 1289 733 1374">
     <span class='ocr_line' id='line_1_11' title="bbox 127 1289 733 1374; baseline 0.007 -24"><span class='ocrx_word' id='word_1_46' title='bbox 127 1289 195 1350; x_wconf 86' lang='lat' dir='ltr'><strong>Sed</strong></span> <span class='ocrx_word' id='word_1_47' title='bbox 208 1290 272 1349; x_wconf 87' lang='lat' dir='ltr'><strong>rari</strong></span> <span class='ocrx_word' id='word_1_48' title='bbox 285 1291 439 1370; x_wconf 86' lang='lat' dir='ltr'><strong>nemoris,</strong></span> <span class='ocrx_word' id='word_1_49' title='bbox 460 1291 590 1372; x_wconf 82' lang='lat' dir='ltr'><strong>Priape,</strong></span> <span class='ocrx_word' id='word_1_50' title='bbox 614 1300 733 1374; x_wconf 87' lang='lat' dir='ltr'><strong>custos,</strong></span> 
     </span>
    </p>

    <p class='ocr_par' dir='ltr' id='par_1_7' title="bbox 124 1375 713 1455">
     <span class='ocr_line' id='line_1_12' title="bbox 124 1375 713 1455; baseline 0.002 -19"><span class='ocrx_word' id='word_1_51' title='bbox 124 1375 177 1436; x_wconf 83' lang='lat' dir='ltr'><strong>Ex</strong></span> <span class='ocrx_word' id='word_1_52' title='bbox 192 1393 252 1453; x_wconf 76' lang='lat' dir='ltr'><strong>quo</strong></span> <span class='ocrx_word' id='word_1_53' title='bbox 267 1379 357 1434; x_wconf 90' lang='lat' dir='ltr'><strong>natus</strong></span> <span class='ocrx_word' id='word_1_54' title='bbox 372 1393 407 1435; x_wconf 92' lang='lat' dir='ltr'><strong>es</strong></span> <span class='ocrx_word' id='word_1_55' title='bbox 422 1380 454 1435; x_wconf 90' lang='lat' dir='ltr'><strong>et</strong></span> <span class='ocrx_word' id='word_1_56' title='bbox 467 1383 559 1455; x_wconf 91' lang='lat' dir='ltr'><strong>potes</strong></span> <span class='ocrx_word' id='word_1_57' title='bbox 576 1378 713 1455; x_wconf 89' lang='lat' dir='ltr'><strong>renasci,</strong></span> 
     </span>
    </p>

    <p class='ocr_par' dir='ltr' id='par_1_8' title="bbox 98 1457 711 1606">
     <span class='ocr_line' id='line_1_13' title="bbox 120 1457 711 1540; baseline 0.002 -21"><span class='ocrx_word' id='word_1_58' title='bbox 120 1457 279 1536; x_wconf 82' lang='lat' dir='ltr'><strong>Furaoes,</strong></span> <span class='ocrx_word' id='word_1_59' title='bbox 302 1477 430 1537; x_wconf 91' lang='lat' dir='ltr'><strong>moneo,</strong></span> <span class='ocrx_word' id='word_1_60' title='bbox 452 1479 557 1520; x_wconf 89' lang='lat' dir='ltr'><strong>manus</strong></span> <span class='ocrx_word' id='word_1_61' title='bbox 572 1459 711 1540; x_wconf 82' lang='lat' dir='ltr'><strong>repellas</strong></span> 
     </span>
     <span class='ocr_line' id='line_1_14' title="bbox 98 1539 686 1606; baseline -0.005 0"><span class='ocrx_word' id='word_1_62' title='bbox 98 1543 172 1606; x_wconf 77' lang='lat' dir='ltr'><strong>sEt</strong></span> <span class='ocrx_word' id='word_1_63' title='bbox 185 1539 290 1602; x_wconf 86' lang='lat' dir='ltr'><strong>silvam</strong></span> <span class='ocrx_word' id='word_1_64' title='bbox 307 1541 423 1603; x_wconf 84' lang='lat' dir='ltr'><strong>domini</strong></span> <span class='ocrx_word' id='word_1_65' title='bbox 437 1543 515 1603; x_wconf 84' lang='lat' dir='ltr'><strong>focis</strong></span> <span class='ocrx_word' id='word_1_66' title='bbox 532 1550 686 1605; x_wconf 77' lang='lat' dir='ltr'><strong>reserves.</strong></span> 
     </span>
    </p>

    <p class='ocr_par' dir='ltr' id='par_1_9' title="bbox 123 1624 763 1708">
     <span class='ocr_line' id='line_1_15' title="bbox 123 1624 763 1708; baseline 0.002 -21"><span class='ocrx_word' id='word_1_67' title='bbox 123 1626 162 1687; x_wconf 92' lang='lat' dir='ltr'><strong>Si</strong></span> <span class='ocrx_word' id='word_1_68' title='bbox 177 1624 331 1686; x_wconf 83' lang='lat' dir='ltr'><strong>defecerIt</strong></span> <span class='ocrx_word' id='word_1_69' title='bbox 344 1628 438 1706; x_wconf 93' lang='lat' dir='ltr'><strong>haec,</strong></span> <span class='ocrx_word' id='word_1_70' title='bbox 459 1633 492 1687; x_wconf 92' lang='lat' dir='ltr'><strong>et</strong></span> <span class='ocrx_word' id='word_1_71' title='bbox 505 1629 574 1708; x_wconf 91' lang='lat' dir='ltr'><strong>ipse</strong></span> <span class='ocrx_word' id='word_1_72' title='bbox 587 1627 703 1706; x_wconf 87' lang='lat' dir='ltr'><strong>lignum</strong></span> <span class='ocrx_word' id='word_1_73' title='bbox 720 1647 763 1689; x_wconf 91' lang='lat' dir='ltr'><strong>es.</strong></span> 
     </span>
    </p>
   </div>
   <div class='ocr_carea' id='block_1_6' title="bbox 527 1730 729 1816">
    <p class='ocr_par' dir='ltr' id='par_1_10' title="bbox 527 1730 729 1816">
     <span class='ocr_line' id='line_1_16' title="bbox 527 1730 729 1816; baseline 0 0"><span class='ocrx_word' id='word_1_74' title='bbox 527 1755 604 1816; x_wconf 82' lang='lat' dir='ltr'><strong>xur.</strong></span> <span class='ocrx_word' id='word_1_75' title='bbox 717 1730 729 1748; x_wconf 86' lang='grc'><em>“</em></span> 
     </span>
    </p>
   </div>
   <div class='ocr_carea' id='block_1_7' title="bbox 121 1850 925 2187">
    <p class='ocr_par' dir='ltr' id='par_1_11' title="bbox 121 1850 925 2103">
     <span class='ocr_line' id='line_1_17' title="bbox 123 1850 912 1935; baseline 0.003 -21"><span class='ocrx_word' id='word_1_76' title='bbox 123 1850 244 1914; x_wconf 86' lang='lat' dir='ltr'><strong>Tristis</strong></span> <span class='ocrx_word' id='word_1_77' title='bbox 259 1853 472 1933; x_wconf 77' lang='lat' dir='ltr'><strong>Athenagoras</strong></span> <span class='ocrx_word' id='word_1_78' title='bbox 489 1874 551 1915; x_wconf 91' lang='lat' dir='ltr'><strong>non</strong></span> <span class='ocrx_word' id='word_1_79' title='bbox 565 1857 649 1916; x_wconf 86' lang='lat' dir='ltr'><strong>misit</strong></span> <span class='ocrx_word' id='word_1_80' title='bbox 663 1875 789 1916; x_wconf 90' lang='lat' dir='ltr'><strong>munera</strong></span> <span class='ocrx_word' id='word_1_81' title='bbox 804 1856 912 1935; x_wconf 89' lang='lat' dir='ltr'><strong>uobis,</strong></span> 
     </span>
     <span class='ocr_line' id='line_1_18' title="bbox 172 1936 886 2013; baseline 0.006 -18"><span class='ocrx_word' id='word_1_82' title='bbox 172 1937 257 2013; x_wconf 80' lang='lat' dir='ltr'><strong>Quae</strong></span> <span class='ocrx_word' id='word_1_83' title='bbox 274 1936 376 1998; x_wconf 86' lang='lat' dir='ltr'><strong>medio</strong></span> <span class='ocrx_word' id='word_1_84' title='bbox 392 1940 518 1998; x_wconf 89' lang='lat' dir='ltr'><strong>brumae</strong></span> <span class='ocrx_word' id='word_1_85' title='bbox 533 1941 658 2000; x_wconf 88' lang='lat' dir='ltr'><strong>mittere</strong></span> <span class='ocrx_word' id='word_1_86' title='bbox 676 1959 782 2000; x_wconf 91' lang='lat' dir='ltr'><strong>mense</strong></span> <span class='ocrx_word' id='word_1_87' title='bbox 798 1938 886 2000; x_wconf 79' lang='lat' dir='ltr'><strong>tolet.</strong></span> 
     </span>
     <span class='ocr_line' id='line_1_19' title="bbox 121 2020 925 2103; baseline 0.002 -22"><span class='ocrx_word' id='word_1_88' title='bbox 121 2020 175 2081; x_wconf 89' lang='lat' dir='ltr'><strong>An</strong></span> <span class='ocrx_word' id='word_1_89' title='bbox 190 2021 231 2080; x_wconf 82' lang='lat' dir='ltr'><strong>alt</strong></span> <span class='ocrx_word' id='word_1_90' title='bbox 245 2021 460 2101; x_wconf 78' lang='lat' dir='ltr'><strong>Athenagoras</strong></span> <span class='ocrx_word' id='word_1_91' title='bbox 474 2024 590 2102; x_wconf 86' lang='lat' dir='ltr'><strong>tristis,</strong></span> <span class='ocrx_word' id='word_1_92' title='bbox 611 2023 775 2103; x_wconf 77' lang='lat' dir='ltr'><strong>Faustino,</strong></span> <span class='ocrx_word' id='word_1_93' title='bbox 794 2023 925 2084; x_wconf 74' lang='lat' dir='ltr'><strong>videbat</strong></span> 
     </span>
    </p>

    <p class='ocr_par' dir='ltr' id='par_1_12' title="bbox 170 2104 787 2187">
     <span class='ocr_line' id='line_1_20' title="bbox 170 2104 787 2187; baseline 0.006 -23"><span class='ocrx_word' id='word_1_94' title='bbox 170 2104 222 2165; x_wconf 85' lang='lat' dir='ltr'><strong>hle</strong></span> <span class='ocrx_word' id='word_1_95' title='bbox 238 2110 325 2165; x_wconf 89' lang='lat' dir='ltr'><strong>certe</strong></span> <span class='ocrx_word' id='word_1_96' title='bbox 339 2107 461 2166; x_wconf 88' lang='lat' dir='ltr'><strong>tristem</strong></span> <span class='ocrx_word' id='word_1_97' title='bbox 475 2107 553 2167; x_wconf 90' lang='lat' dir='ltr'><strong>fecit</strong></span> <span class='ocrx_word' id='word_1_98' title='bbox 565 2109 787 2187; x_wconf 79' lang='lat' dir='ltr'><strong>Athenagoras.</strong></span> 
     </span>
    </p>
   </div>
   <div class='ocr_carea' id='block_1_8' title="bbox 519 2248 611 2311">
    <p class='ocr_par' dir='ltr' id='par_1_13' title="bbox 519 2248 611 2311">
     <span class='ocr_line' id='line_1_21' title="bbox 519 2248 611 2311; baseline 0.022 -3"><span class='ocrx_word' id='word_1_99' title='bbox 519 2248 611 2311; x_wconf 88' lang='lat' dir='ltr'>XLII.</span> 
     </span>
    </p>
   </div>
   <div class='ocr_carea' id='block_1_9' title="bbox 123 2342 762 2593">
    <p class='ocr_par' dir='ltr' id='par_1_14' title="bbox 123 2342 762 2593">
     <span class='ocr_line' id='line_1_22' title="bbox 126 2342 662 2425; baseline 0.009 -23"><span class='ocrx_word' id='word_1_100' title='bbox 126 2342 163 2403; x_wconf 84' lang='lat' dir='ltr'><strong>Si</strong></span> <span class='ocrx_word' id='word_1_101' title='bbox 179 2350 212 2404; x_wconf 86' lang='lat' dir='ltr'><strong>te</strong></span> <span class='ocrx_word' id='word_1_102' title='bbox 227 2344 370 2425; x_wconf 79' lang='lat' dir='ltr'><strong>sportula</strong></span> <span class='ocrx_word' id='word_1_103' title='bbox 387 2348 484 2412; x_wconf 90' lang='lat' dir='ltr'><strong>maior</strong></span> <span class='ocrx_word' id='word_1_104' title='bbox 501 2346 540 2407; x_wconf 91' lang='lat' dir='ltr'><strong>ad</strong></span> <span class='ocrx_word' id='word_1_105' title='bbox 554 2349 662 2407; x_wconf 88' lang='lat' dir='ltr'><strong>beatos</strong></span> 
     </span>
     <span class='ocr_line' id='line_1_23' title="bbox 125 2425 702 2510; baseline 0.007 -22"><span class='ocrx_word' id='word_1_106' title='bbox 125 2425 198 2488; x_wconf 89' lang='lat' dir='ltr'><strong>Non</strong></span> <span class='ocrx_word' id='word_1_107' title='bbox 212 2431 405 2509; x_wconf 84' lang='lat' dir='ltr'><strong>corruperit,</strong></span> <span class='ocrx_word' id='word_1_108' title='bbox 426 2437 461 2490; x_wconf 92' lang='lat' dir='ltr'><strong>ut</strong></span> <span class='ocrx_word' id='word_1_109' title='bbox 475 2431 571 2510; x_wconf 89' lang='lat' dir='ltr'><strong>solet,</strong></span> <span class='ocrx_word' id='word_1_110' title='bbox 593 2432 702 2494; x_wconf 83' lang='lat' dir='ltr'><strong>licebit</strong></span> 
     </span>
     <span class='ocr_line' id='line_1_24' title="bbox 123 2511 762 2593; baseline 0.009 -22"><span class='ocrx_word' id='word_1_111' title='bbox 123 2511 174 2572; x_wconf 87' lang='lat' dir='ltr'><strong>De</strong></span> <span class='ocrx_word' id='word_1_112' title='bbox 190 2520 316 2593; x_wconf 90' lang='lat' dir='ltr'><strong>nostro,</strong></span> <span class='ocrx_word' id='word_1_113' title='bbox 338 2514 462 2593; x_wconf 86' lang='lat' dir='ltr'><strong>Matho,</strong></span> <span class='ocrx_word' id='word_1_114' title='bbox 485 2517 625 2576; x_wconf 86' lang='lat' dir='ltr'><strong>centiens</strong></span> <span class='ocrx_word' id='word_1_115' title='bbox 639 2514 762 2578; x_wconf 84' lang='lat' dir='ltr'><strong>laveris.</strong></span> 
     </span>
    </p>
   </div>
   <div class='ocr_carea' id='block_1_10' title="bbox 511 2645 614 2706">
    <p class='ocr_par' dir='ltr' id='par_1_15' title="bbox 511 2645 614 2706">
     <span class='ocr_line' id='line_1_25' title="bbox 511 2645 614 2706; baseline 0.019 -2"><span class='ocrx_word' id='word_1_116' title='bbox 511 2645 614 2706; x_wconf 87' lang='lat' dir='ltr'>XLIII.</span> 
     </span>
    </p>
   </div>
   <div class='ocr_carea' id='block_1_11' title="bbox 124 2739 933 3072">
    <p class='ocr_par' dir='ltr' id='par_1_16' title="bbox 124 2739 933 2990">
     <span class='ocr_line' id='line_1_26' title="bbox 124 2739 847 2820; baseline -0.006 -18"><span class='ocrx_word' id='word_1_117' title='bbox 124 2739 231 2802; x_wconf 80' lang='lat' dir='ltr'><strong>Effert</strong></span> <span class='ocrx_word' id='word_1_118' title='bbox 243 2757 354 2800; x_wconf 84' lang='lat' dir='ltr'><strong>uxores</strong></span> <span class='ocrx_word' id='word_1_119' title='bbox 368 2741 499 2820; x_wconf 85' lang='lat' dir='ltr'><strong>Fabius,</strong></span> <span class='ocrx_word' id='word_1_120' title='bbox 521 2741 690 2802; x_wconf 77' lang='lat' dir='ltr'><strong>Chrestilla</strong></span> <span class='ocrx_word' id='word_1_121' title='bbox 704 2743 847 2817; x_wconf 88' lang='lat' dir='ltr'><strong>maritos,</strong></span> 
     </span>
     <span class='ocr_line' id='line_1_27' title="bbox 170 2822 911 2904; baseline -0.003 -20"><span class='ocrx_word' id='word_1_122' title='bbox 170 2822 408 2904; x_wconf 83' lang='lat' dir='ltr'><strong>Funereamque</strong></span> <span class='ocrx_word' id='word_1_123' title='bbox 425 2827 504 2885; x_wconf 90' lang='lat' dir='ltr'><strong>toris</strong></span> <span class='ocrx_word' id='word_1_124' title='bbox 520 2832 642 2903; x_wconf 86' lang='lat' dir='ltr'><strong>quassat</strong></span> <span class='ocrx_word' id='word_1_125' title='bbox 655 2831 788 2903; x_wconf 88' lang='lat' dir='ltr'><strong>uterque</strong></span> <span class='ocrx_word' id='word_1_126' title='bbox 802 2823 911 2882; x_wconf 85' lang='lat' dir='ltr'><strong>facem.</strong></span> 
     </span>
     <span class='ocr_line' id='line_1_28' title="bbox 125 2905 933 2990; baseline -0.006 -20"><span class='ocrx_word' id='word_1_127' title='bbox 125 2906 274 2970; x_wconf 87' lang='lat' dir='ltr'><strong>Victores</strong></span> <span class='ocrx_word' id='word_1_128' title='bbox 290 2911 464 2987; x_wconf 88' lang='lat' dir='ltr'><strong>committe,</strong></span> <span class='ocrx_word' id='word_1_129' title='bbox 486 2909 609 2972; x_wconf 87' lang='lat' dir='ltr'><strong>Venus:</strong></span> <span class='ocrx_word' id='word_1_130' title='bbox 632 2910 783 2990; x_wconf 83' lang='lat' dir='ltr'><strong>quasiste</strong></span> <span class='ocrx_word' id='word_1_131' title='bbox 798 2905 933 2966; x_wconf 86' lang='lat' dir='ltr'><strong>manebit</strong></span> 
     </span>
    </p>

    <p class='ocr_par' dir='ltr' id='par_1_17' title="bbox 169 2991 773 3072">
     <span class='ocr_line' id='line_1_29' title="bbox 169 2991 773 3072; baseline 0 -18"><span class='ocrx_word' id='word_1_132' title='bbox 169 2991 296 3072; x_wconf 76' lang='lat' dir='ltr'><strong>Exltus,</strong></span> <span class='ocrx_word' id='word_1_133' title='bbox 317 3013 376 3052; x_wconf 89' lang='lat' dir='ltr'><strong>una</strong></span> <span class='ocrx_word' id='word_1_134' title='bbox 393 2992 470 3054; x_wconf 86' lang='lat' dir='ltr'><strong>duos</strong></span> <span class='ocrx_word' id='word_1_135' title='bbox 485 3000 520 3053; x_wconf 92' lang='lat' dir='ltr'><strong>ut</strong></span> <span class='ocrx_word' id='word_1_136' title='bbox 534 2993 669 3054; x_wconf 87' lang='lat' dir='ltr'><strong>Libitina</strong></span> <span class='ocrx_word' id='word_1_137' title='bbox 682 2994 773 3054; x_wconf 87' lang='lat' dir='ltr'><strong>ferat.</strong></span> 
     </span>
    </p>
   </div>
   <div class='ocr_carea' id='block_1_12' title="bbox 512 3121 618 3184">
    <p class='ocr_par' dir='ltr' id='par_1_18' title="bbox 512 3121 618 3184">
     <span class='ocr_line' id='line_1_30' title="bbox 512 3121 618 3184; baseline 0 -2"><span class='ocrx_word' id='word_1_138' title='bbox 512 3121 618 3184; x_wconf 87' lang='lat' dir='ltr'>XLIV.</span> 
     </span>
    </p>
   </div>
   <div class='ocr_carea' id='block_1_13' title="bbox 123 3215 934 3536">
    <p class='ocr_par' dir='ltr' id='par_1_19' title="bbox 123 3215 934 3385">
     <span class='ocr_line' id='line_1_31' title="bbox 123 3215 934 3300; baseline -0.001 -20"><span class='ocrx_word' id='word_1_139' title='bbox 123 3215 266 3299; x_wconf 82' lang='lat' dir='ltr'><strong>Titulle,</strong></span> <span class='ocrx_word' id='word_1_140' title='bbox 286 3240 413 3300; x_wconf 86' lang='lat' dir='ltr'><strong>moneo,</strong></span> <span class='ocrx_word' id='word_1_141' title='bbox 434 3222 516 3281; x_wconf 81' lang='lat' dir='ltr'><strong>vire:</strong></span> <span class='ocrx_word' id='word_1_142' title='bbox 540 3239 663 3300; x_wconf 91' lang='lat' dir='ltr'><strong>semper</strong></span> <span class='ocrx_word' id='word_1_143' title='bbox 676 3220 736 3278; x_wconf 89' lang='lat' dir='ltr'><strong>hoc</strong></span> <span class='ocrx_word' id='word_1_144' title='bbox 753 3238 856 3278; x_wconf 91' lang='lat' dir='ltr'><strong>serum</strong></span> <span class='ocrx_word' id='word_1_145' title='bbox 874 3222 934 3280; x_wconf 84' lang='lat' dir='ltr'><strong>est.</strong></span> 
     </span>
     <span class='ocr_line' id='line_1_32' title="bbox 128 3303 850 3385; baseline 0.001 -21"><span class='ocrx_word' id='word_1_146' title='bbox 128 3303 193 3365; x_wconf 91' lang='lat' dir='ltr'><strong>Sub</strong></span> <span class='ocrx_word' id='word_1_147' title='bbox 207 3303 387 3385; x_wconf 89' lang='lat' dir='ltr'><strong>paedagogo</strong></span> <span class='ocrx_word' id='word_1_148' title='bbox 403 3307 545 3385; x_wconf 86' lang='lat' dir='ltr'><strong>coeperis</strong></span> <span class='ocrx_word' id='word_1_149' title='bbox 558 3303 652 3382; x_wconf 88' lang='lat' dir='ltr'><strong>lieet,</strong></span> <span class='ocrx_word' id='word_1_150' title='bbox 674 3321 776 3363; x_wconf 88' lang='lat' dir='ltr'><strong>serum</strong></span> <span class='ocrx_word' id='word_1_151' title='bbox 793 3309 850 3365; x_wconf 85' lang='lat' dir='ltr'><strong>est.</strong></span> 
     </span>
    </p>

    <p class='ocr_par' dir='ltr' id='par_1_20' title="bbox 126 3388 803 3468">
     <span class='ocr_line' id='line_1_33' title="bbox 126 3388 803 3468; baseline 0.001 -20"><span class='ocrx_word' id='word_1_152' title='bbox 126 3389 171 3448; x_wconf 91' lang='lat' dir='ltr'><strong>At</strong></span> <span class='ocrx_word' id='word_1_153' title='bbox 183 3395 234 3467; x_wconf 88' lang='lat' dir='ltr'><strong>tu,</strong></span> <span class='ocrx_word' id='word_1_154' title='bbox 256 3391 351 3450; x_wconf 88' lang='lat' dir='ltr'><strong>miser</strong></span> <span class='ocrx_word' id='word_1_155' title='bbox 369 3388 505 3468; x_wconf 84' lang='lat' dir='ltr'><strong>Titulle,</strong></span> <span class='ocrx_word' id='word_1_156' title='bbox 527 3408 585 3449; x_wconf 89' lang='lat' dir='ltr'><strong>nec</strong></span> <span class='ocrx_word' id='word_1_157' title='bbox 602 3407 697 3448; x_wconf 88' lang='lat' dir='ltr'><strong>senex</strong></span> <span class='ocrx_word' id='word_1_158' title='bbox 711 3388 803 3466; x_wconf 80' lang='lat' dir='ltr'><strong>viris,</strong></span> 
     </span>
    </p>

    <p class='ocr_par' dir='ltr' id='par_1_21' title="bbox 125 3469 726 3536">
     <span class='ocr_line' id='line_1_34' title="bbox 125 3469 726 3536; baseline -0.003 -1"><span class='ocrx_word' id='word_1_159' title='bbox 125 3471 192 3535; x_wconf 84' lang='lat' dir='ltr'><strong>Sed</strong></span> <span class='ocrx_word' id='word_1_160' title='bbox 208 3493 299 3536; x_wconf 91' lang='lat' dir='ltr'><strong>omne</strong></span> <span class='ocrx_word' id='word_1_161' title='bbox 313 3472 408 3535; x_wconf 91' lang='lat' dir='ltr'><strong>limen</strong></span> <span class='ocrx_word' id='word_1_162' title='bbox 424 3475 560 3536; x_wconf 90' lang='lat' dir='ltr'><strong>conteris</strong></span> <span class='ocrx_word' id='word_1_163' title='bbox 576 3469 726 3535; x_wconf 89' lang='lat' dir='ltr'><strong>salutator</strong></span> 
     </span>
    </p>
   </div>
   <div class='ocr_carea' id='block_1_14' title="bbox 1030 244 1095 312">
    <p class='ocr_par' dir='ltr' id='par_1_22' title="bbox 1030 244 1095 312">
     <span class='ocr_line' id='line_1_35' title="bbox 1030 244 1095 312; baseline 0.046 -3"><span class='ocrx_word' id='word_1_164' title='bbox 1030 244 1095 312; x_wconf 72' lang='lat' dir='ltr'><strong>tan</strong></span> 
     </span>
    </p>
   </div>
   <div class='ocr_carea' id='block_1_15' title="bbox 0 0 1190 3924">
    <p class='ocr_par' dir='ltr' id='par_1_23' title="bbox 0 0 1190 3924">
     <span class='ocr_line' id='line_1_36' title="bbox 0 0 1190 3924; baseline 0 0"><span class='ocrx_word' id='word_1_165' title='bbox 0 0 1190 3924; x_wconf 95' lang='lat' dir='ltr'><strong> </strong></span> 
     </span>
    </p>
   </div>
  </div>
 </body>
</html>
