2370 3924
90 223 154 294 1⁷2
415 222 459 285 M.
474 221 567 286 VAL.
582 219 808 287 AIAB'IIALIS

579 421 645 486 XO.

174 540 271 601 Iactat
285 535 480 616 inaequalem
495 536 605 596 Matho
619 553 669 595 me
683 533 797 594 fecisse
811 531 974 599 libellum:

90 668 109 701 a
219 623 253 683 Si
267 639 374 682 verum
389 626 453 697 est,
474 617 582 681 laudat
601 618 736 679 carmIna
751 623 859 677 nostra
873 618 999 687 Matho.

99 694 108 711 ⁰
175 705 332 785 Aequales
347 705 456 765 scribit
468 703 567 765 libror
582 700 750 764 Cluuienus
766 707 798 760 ct
811 701 942 764 Umber.

217 787 365 869 Aequalis
376 787 459 849 liber
474 795 539 867 ert,
561 787 705 864 Cretico,
717 785 780 885 ,qui
794 783 893 846 malua
908 793 969 849 eat.

575 923 654 986 xcl.

175 1038 222 1097 De
237 1039 344 1095 nostro
358 1033 490 1095 facunde
506 1036 582 1116 tibi,
596 1035 764 1114 Iuvenalia,
779 1032 881 1115 agello

218 1117 437 1180 Saturnaliciae
450 1121 615 1199 mittimus,
638 1137 729 1197 eece,
750 1137 857 1180 nucea.

176 1204 291 1265 Cetera
303 1201 427 1263 lascivis
442 1201 566 1265 donavit
580 1223 671 1284 poma
684 1200 801 1284 puellis

216 1286 359 1348 Mentula
373 1287 510 1348 custodia
522 1285 681 1348 luxuriosa
697 1285 757 1347 dei.

566 1420 659 1482 XCII.

176 1529 232 1610 „Si
247 1530 321 1611 quId
337 1551 413 1611 opus
427 1531 540 1610 fuerit,
563 1532 623 1591 acis
638 1550 765 1593 menon
779 1527 1064 1609 eraerogandum“

218 1615 288 1676 Uno
303 1616 351 1676 bia
364 1614 460 1691 dicis,
481 1617 633 1696 Baccara,
654 1621 767 1695 terque
783 1612 843 1677 die.
967 1609 972 1618 '

177 1698 325 1779 Appellat
338 1697 440 1778 rlglda
454 1700 555 1760 tristia
569 1718 619 1759 me
633 1718 710 1761 voce
725 1696 900 1759 Secundus:

218 1782 333 1861 Audin,
356 1789 389 1842 et
401 1784 521 1863 nescia,
542 1783 694 1860 Baccara,
715 1781 789 1862 quid
802 1784 844 1843 sit
857 1799 945 1862 opua.

155 1865 291 1926 bPeuaio
306 1872 339 1925 te
356 1886 459 1926 coram
472 1869 591 1947 petItur
608 1867 753 1947 clareque
768 1864 948 1946 palamque:

218 1949 333 2027 Audio,
354 1956 387 2009 et
399 1952 518 2029 nescia,
537 1952 687 2029 Baccara,
711 1949 786 2030 quid
800 1950 841 2010 eit
856 1967 943 2030 opus.

174 2034 254 2095 Base
270 2052 385 2113 queror
399 2033 578 2114 gelidasque
593 2036 668 2095 mibi
684 2036 836 2111 tritasque
850 2031 1014 2092 lacernaat
1047 2099 1052 2108 ,

219 2117 334 2196 Audis,
356 2124 389 2177 et
402 2120 522 2197 nescis,
543 2120 694 2195 Baccara,
718 2118 792 2197 quid
806 2119 847 2177 sit
862 2135 949 2196 opus.

176 2202 246 2262 Hoc
261 2221 337 2282 opus
353 2208 418 2280 eat,
440 2203 542 2263 subito
556 2204 611 2262 iias
624 2208 660 2262 ut
676 2201 780 2260 sidere
795 2208 914 2277 mutus,

135 2295 169 2347 10
216 2286 330 2346 Dicere
347 2305 388 2346 ne
404 2288 522 2367 poesis,
544 2287 695 2364 Baccara,
718 2284 792 2364 quid
808 2287 849 2345 sit
864 2302 951 2365 opus.

560 2433 666 2495 XCIII.

176 2545 308 2622 Narnia,
331 2542 500 2623 sulphureo
518 2564 606 2623 quam
623 2548 745 2624 gurgite
761 2542 908 2605 candidus
923 2545 1026 2604 amnis

220 2629 358 2706 Circuit,
382 2628 508 2707 ancipiti
522 2631 572 2688 vix
587 2628 727 2689 adeunda
742 2631 830 2707 iugo,

177 2712 258 2790 Quid
275 2718 338 2773 tam
349 2731 442 2792 saepe
458 2732 558 2774 meum
573 2713 663 2773 nobis
678 2712 834 2773 abducere
849 2711 998 2787 QuIntum

220 2798 268 2857 'Ie
283 2800 366 2858 iuvat
380 2802 413 2856 et
426 2795 513 2857 lenta
528 2797 699 2857 detinuisse
713 2797 822 2856 morai

155 2879 262 2958 could
274 2881 460 2942 Nomentani
476 2902 596 2941 cannam
610 2883 686 2941 mibi
700 2880 808 2961 perdis
823 2877 933 2958 agelli,

218 2965 355 3045 Propter
369 2966 502 3024 vicinum
517 2968 569 3044 qui
583 2968 739 3045 pretiosus
755 2965 847 3025 erat‘l

178 3048 243 3109 Sed
254 3051 314 3107 iam
328 3067 421 3128 parce
436 3050 528 3125 mihi,
550 3069 609 3110 nec
622 3052 766 3127 abutere,
788 3048 919 3126 Narnia,
942 3045 1079 3122 Quinto:

219 3132 377 3211 Perpetuo
392 3129 488 3193 liceat
503 3134 547 3192 aie
560 3135 619 3193 tibi
632 3139 729 3214 ponte
746 3133 818 3195 frui.

583 3267 691 3328 xclv.

177 3378 377 3455 Unguentmu
390 3377 509 3456 fuerat,
531 3376 614 3457 quod
629 3397 708 3458 onyx
722 3377 813 3439 modo
828 3395 921 3457 parva
936 3377 1087 3454 gerebat:

221 3459 338 3521 olfecit
350 3468 513 3541 postquam
526 3462 668 3542 PapiIua,
686 3481 777 3540 ecee,
797 3480 903 3540 garum
920 3465 977 3521 eat.
