<?xml version="1.0" encoding="UTF-8"?>
<!DOCTYPE html PUBLIC "-//W3C//DTD XHTML 1.0 Transitional//EN"
    "http://www.w3.org/TR/xhtml1/DTD/xhtml1-transitional.dtd">
<html xmlns="http://www.w3.org/1999/xhtml" xml:lang="en" lang="en">
 <head>
  <title>
</title>
<meta http-equiv="Content-Type" content="text/html;charset=utf-8" />
  <meta name='ocr-system' content='tesseract 3.04.00' />
  <meta name='ocr-capabilities' content='ocr_page ocr_carea ocr_par ocr_line ocrx_word'/>
</head>
<body>
  <div class='ocr_page' id='page_1' title='image "./epigrammatonlib02martgoog_0180.png"; bbox 0 0 2370 3924; ppageno 0'>
   <div class='ocr_carea' id='block_1_1' title="bbox 316 240 1091 312">
    <p class='ocr_par' dir='ltr' id='par_1_1' title="bbox 316 240 1091 312">
     <span class='ocr_line' id='line_1_1' title="bbox 316 240 1091 312; baseline 0.012 -11"><span class='ocrx_word' id='word_1_1' title='bbox 316 240 656 302; x_wconf 80' lang='lat' dir='ltr'><strong>EPIGRAMMATON</strong></span> <span class='ocrx_word' id='word_1_2' title='bbox 669 241 744 305; x_wconf 83' lang='lat' dir='ltr'><strong>LIII.</strong></span> <span class='ocrx_word' id='word_1_3' title='bbox 759 243 824 307; x_wconf 90' lang='lat' dir='ltr'><strong>Vll.</strong></span> <span class='ocrx_word' id='word_1_4' title='bbox 1031 245 1091 312; x_wconf 83' lang='lat'><strong>155</strong></span> 
     </span>
    </p>
   </div>
   <div class='ocr_carea' id='block_1_2' title="bbox 129 392 719 557">
    <p class='ocr_par' dir='ltr' id='par_1_2' title="bbox 129 392 719 557">
     <span class='ocr_line' id='line_1_2' title="bbox 130 392 719 473; baseline -0.002 -18"><span class='ocrx_word' id='word_1_5' title='bbox 130 393 235 473; x_wconf 81' lang='lat' dir='ltr'>Seque</span> <span class='ocrx_word' id='word_1_6' title='bbox 251 395 397 455; x_wconf 89' lang='lat' dir='ltr'><strong>obserata</strong></span> <span class='ocrx_word' id='word_1_7' title='bbox 411 392 504 455; x_wconf 85' lang='lat' dir='ltr'><strong>clusit</strong></span> <span class='ocrx_word' id='word_1_8' title='bbox 520 395 624 454; x_wconf 81' lang='lat' dir='ltr'><strong>auxius</strong></span> <span class='ocrx_word' id='word_1_9' title='bbox 639 392 719 454; x_wconf 87' lang='lat' dir='ltr'><strong>cella</strong></span> 
     </span>
     <span class='ocr_line' id='line_1_3' title="bbox 129 476 704 557; baseline -0.003 -15"><span class='ocrx_word' id='word_1_10' title='bbox 129 477 265 542; x_wconf 76' lang='lat' dir='ltr'><strong>Gulosus</strong></span> <span class='ocrx_word' id='word_1_11' title='bbox 279 476 353 556; x_wconf 88' lang='lat' dir='ltr'><strong>illc,</strong></span> <span class='ocrx_word' id='word_1_12' title='bbox 375 484 503 557; x_wconf 90' lang='lat' dir='ltr'><strong>postero</strong></span> <span class='ocrx_word' id='word_1_13' title='bbox 519 478 570 539; x_wconf 89' lang='lat' dir='ltr'><strong>die</strong></span> <span class='ocrx_word' id='word_1_14' title='bbox 588 477 704 541; x_wconf 80' lang='lat' dir='ltr'><strong>veudIt.</strong></span> 
     </span>
    </p>
   </div>
   <div class='ocr_carea' id='block_1_3' title="bbox 527 611 607 674">
    <p class='ocr_par' dir='ltr' id='par_1_3' title="bbox 527 611 607 674">
     <span class='ocr_line' id='line_1_4' title="bbox 527 611 607 674; baseline 0 0"><span class='ocrx_word' id='word_1_15' title='bbox 527 611 607 674; x_wconf 87' lang='lat' dir='ltr'><strong>XXI.</strong></span> 
     </span>
    </p>
   </div>
   <div class='ocr_carea' id='block_1_4' title="bbox 128 724 926 1040">
    <p class='ocr_par' dir='ltr' id='par_1_4' title="bbox 128 724 926 892">
     <span class='ocr_line' id='line_1_5' title="bbox 128 724 926 807; baseline 0.004 -22"><span class='ocrx_word' id='word_1_16' title='bbox 128 726 216 786; x_wconf 83' lang='lat' dir='ltr'><strong>llaec</strong></span> <span class='ocrx_word' id='word_1_17' title='bbox 232 732 281 787; x_wconf 88' lang='lat' dir='ltr'><strong>est</strong></span> <span class='ocrx_word' id='word_1_18' title='bbox 294 724 350 787; x_wconf 93' lang='lat' dir='ltr'><strong>illa</strong></span> <span class='ocrx_word' id='word_1_19' title='bbox 364 725 448 802; x_wconf 81' lang='lat' dir='ltr'><strong>dies,</strong></span> <span class='ocrx_word' id='word_1_20' title='bbox 470 746 549 806; x_wconf 86' lang='lat' dir='ltr'><strong>quae</strong></span> <span class='ocrx_word' id='word_1_21' title='bbox 565 726 668 806; x_wconf 79' lang='lat' dir='ltr'><strong>magui</strong></span> <span class='ocrx_word' id='word_1_22' title='bbox 683 728 806 787; x_wconf 86' lang='lat' dir='ltr'><strong>conscia</strong></span> <span class='ocrx_word' id='word_1_23' title='bbox 818 735 926 807; x_wconf 90' lang='lat' dir='ltr'><strong>partus</strong></span> 
     </span>
     <span class='ocr_line' id='line_1_6' title="bbox 172 808 856 892; baseline 0.004 -23"><span class='ocrx_word' id='word_1_24' title='bbox 172 809 328 871; x_wconf 86' lang='lat' dir='ltr'><strong>Lucanum</strong></span> <span class='ocrx_word' id='word_1_25' title='bbox 346 810 469 892; x_wconf 87' lang='lat' dir='ltr'><strong>populis</strong></span> <span class='ocrx_word' id='word_1_26' title='bbox 484 816 518 871; x_wconf 82' lang='lat' dir='ltr'><strong>et</strong></span> <span class='ocrx_word' id='word_1_27' title='bbox 531 812 607 889; x_wconf 88' lang='lat' dir='ltr'><strong>tibi,</strong></span> <span class='ocrx_word' id='word_1_28' title='bbox 628 808 736 888; x_wconf 90' lang='lat' dir='ltr'><strong>Polla,</strong></span> <span class='ocrx_word' id='word_1_29' title='bbox 760 809 856 872; x_wconf 84' lang='lat' dir='ltr'><strong>dedit.</strong></span> 
     </span>
    </p>

    <p class='ocr_par' dir='ltr' id='par_1_5' title="bbox 128 893 926 1040">
     <span class='ocr_line' id='line_1_7' title="bbox 128 893 926 974; baseline 0.001 -19"><span class='ocrx_word' id='word_1_30' title='bbox 128 893 217 955; x_wconf 86' lang='lat' dir='ltr'>Heu!</span> <span class='ocrx_word' id='word_1_31' title='bbox 245 894 330 956; x_wconf 89' lang='lat' dir='ltr'><strong>Nero</strong></span> <span class='ocrx_word' id='word_1_32' title='bbox 347 893 484 955; x_wconf 90' lang='lat' dir='ltr'><strong>crudelis</strong></span> <span class='ocrx_word' id='word_1_33' title='bbox 497 893 644 972; x_wconf 86' lang='lat' dir='ltr'><strong>nullaque</strong></span> <span class='ocrx_word' id='word_1_34' title='bbox 659 894 788 954; x_wconf 82' lang='lat' dir='ltr'><strong>iuvisior</strong></span> <span class='ocrx_word' id='word_1_35' title='bbox 802 897 926 974; x_wconf 86' lang='lat' dir='ltr'><strong>umbra,</strong></span> 
     </span>
     <span class='ocr_line' id='line_1_8' title="bbox 171 978 779 1040; baseline 0.003 -2"><span class='ocrx_word' id='word_1_36' title='bbox 171 978 287 1039; x_wconf 82' lang='lat' dir='ltr'><strong>Debuit</strong></span> <span class='ocrx_word' id='word_1_37' title='bbox 299 980 359 1040; x_wconf 84' lang='lat' dir='ltr'><strong>boo</strong></span> <span class='ocrx_word' id='word_1_38' title='bbox 374 978 477 1040; x_wconf 86' lang='lat' dir='ltr'><strong>saltim</strong></span> <span class='ocrx_word' id='word_1_39' title='bbox 493 999 556 1039; x_wconf 90' lang='lat' dir='ltr'><strong>non</strong></span> <span class='ocrx_word' id='word_1_40' title='bbox 570 978 698 1040; x_wconf 77' lang='lat' dir='ltr'><strong>licuisse</strong></span> <span class='ocrx_word' id='word_1_41' title='bbox 712 978 779 1040; x_wconf 92' lang='lat' dir='ltr'><strong>tibi.</strong></span> 
     </span>
    </p>
   </div>
   <div class='ocr_carea' id='block_1_5' title="bbox 525 1112 618 1174">
    <p class='ocr_par' dir='ltr' id='par_1_6' title="bbox 525 1112 618 1174">
     <span class='ocr_line' id='line_1_9' title="bbox 525 1112 618 1174; baseline 0.022 -2"><span class='ocrx_word' id='word_1_42' title='bbox 525 1112 618 1174; x_wconf 91' lang='lat' dir='ltr'><strong>XXII.</strong></span> 
     </span>
    </p>
   </div>
   <div class='ocr_carea' id='block_1_6' title="bbox 127 1223 971 1559">
    <p class='ocr_par' dir='ltr' id='par_1_7' title="bbox 127 1223 971 1559">
     <span class='ocr_line' id='line_1_10' title="bbox 128 1223 828 1307; baseline -0.001 -19"><span class='ocrx_word' id='word_1_43' title='bbox 128 1227 217 1289; x_wconf 85' lang='lat' dir='ltr'><strong>Vatis</strong></span> <span class='ocrx_word' id='word_1_44' title='bbox 233 1223 392 1307; x_wconf 86' lang='lat' dir='ltr'><strong>Apollinei</strong></span> <span class='ocrx_word' id='word_1_45' title='bbox 407 1245 516 1304; x_wconf 84' lang='lat' dir='ltr'><strong>magno</strong></span> <span class='ocrx_word' id='word_1_46' title='bbox 532 1226 741 1287; x_wconf 88' lang='lat' dir='ltr'><strong>memorabilis</strong></span> <span class='ocrx_word' id='word_1_47' title='bbox 757 1233 828 1287; x_wconf 89' lang='lat' dir='ltr'><strong>ortu</strong></span> 
     </span>
     <span class='ocr_line' id='line_1_11' title="bbox 170 1309 893 1390; baseline 0 -19"><span class='ocrx_word' id='word_1_48' title='bbox 170 1311 237 1371; x_wconf 86' lang='lat' dir='ltr'><strong>Lux</strong></span> <span class='ocrx_word' id='word_1_49' title='bbox 251 1309 351 1371; x_wconf 73' lang='lat' dir='ltr'><strong>redita</strong></span> <span class='ocrx_word' id='word_1_50' title='bbox 373 1310 529 1371; x_wconf 85' lang='lat' dir='ltr'><strong>Aonidum</strong></span> <span class='ocrx_word' id='word_1_51' title='bbox 542 1312 650 1390; x_wconf 90' lang='lat' dir='ltr'><strong>turba,</strong></span> <span class='ocrx_word' id='word_1_52' title='bbox 671 1310 772 1371; x_wconf 83' lang='lat' dir='ltr'><strong>favete</strong></span> <span class='ocrx_word' id='word_1_53' title='bbox 788 1311 893 1372; x_wconf 82' lang='lat' dir='ltr'><strong>sacrIs.</strong></span> 
     </span>
     <span class='ocr_line' id='line_1_12' title="bbox 127 1393 971 1475; baseline 0.001 -20"><span class='ocrx_word' id='word_1_54' title='bbox 127 1394 216 1456; x_wconf 86' lang='lat' dir='ltr'><strong>Haec</strong></span> <span class='ocrx_word' id='word_1_55' title='bbox 229 1396 360 1472; x_wconf 89' lang='lat' dir='ltr'><strong>meruit,</strong></span> <span class='ocrx_word' id='word_1_56' title='bbox 384 1414 451 1454; x_wconf 89' lang='lat' dir='ltr'><strong>cum</strong></span> <span class='ocrx_word' id='word_1_57' title='bbox 467 1400 500 1454; x_wconf 91' lang='lat' dir='ltr'><strong>tc</strong></span> <span class='ocrx_word' id='word_1_58' title='bbox 517 1396 630 1472; x_wconf 89' lang='lat' dir='ltr'><strong>terris,</strong></span> <span class='ocrx_word' id='word_1_59' title='bbox 651 1395 792 1471; x_wconf 84' lang='lat' dir='ltr'><strong>Lucane,</strong></span> <span class='ocrx_word' id='word_1_60' title='bbox 815 1393 971 1475; x_wconf 83' lang='lat' dir='ltr'><strong>dedisset,</strong></span> 
     </span>
     <span class='ocr_line' id='line_1_13' title="bbox 171 1475 851 1559; baseline -0.003 -17"><span class='ocrx_word' id='word_1_61' title='bbox 171 1479 289 1542; x_wconf 80' lang='lat' dir='ltr'><strong>Mixtus</strong></span> <span class='ocrx_word' id='word_1_62' title='bbox 304 1477 458 1539; x_wconf 75' lang='lat' dir='ltr'><strong>Castaliae</strong></span> <span class='ocrx_word' id='word_1_63' title='bbox 474 1479 579 1538; x_wconf 84' lang='lat' dir='ltr'><strong>Raetis</strong></span> <span class='ocrx_word' id='word_1_64' title='bbox 593 1485 628 1538; x_wconf 91' lang='lat' dir='ltr'><strong>ut</strong></span> <span class='ocrx_word' id='word_1_65' title='bbox 644 1475 729 1539; x_wconf 83' lang='lat' dir='ltr'><strong>esset</strong></span> <span class='ocrx_word' id='word_1_66' title='bbox 745 1497 851 1559; x_wconf 84' lang='lat' dir='ltr'><strong>aquae.</strong></span> 
     </span>
    </p>
   </div>
   <div class='ocr_carea' id='block_1_7' title="bbox 514 1612 622 1674">
    <p class='ocr_par' dir='ltr' id='par_1_8' title="bbox 514 1612 622 1674">
     <span class='ocr_line' id='line_1_14' title="bbox 514 1612 622 1674; baseline -0.028 0"><span class='ocrx_word' id='word_1_67' title='bbox 514 1612 622 1674; x_wconf 85' lang='lat' dir='ltr'><strong>XXIII.</strong></span> 
     </span>
    </p>
   </div>
   <div class='ocr_carea' id='block_1_8' title="bbox 127 1721 1043 2057">
    <p class='ocr_par' dir='ltr' id='par_1_9' title="bbox 127 1721 1043 1889">
     <span class='ocr_line' id='line_1_15' title="bbox 127 1721 1043 1805; baseline 0.003 -22"><span class='ocrx_word' id='word_1_68' title='bbox 127 1724 274 1803; x_wconf 86' lang='lat' dir='ltr'><strong>Phoebe,</strong></span> <span class='ocrx_word' id='word_1_69' title='bbox 296 1725 384 1802; x_wconf 82' lang='lat' dir='ltr'><strong>veui,</strong></span> <span class='ocrx_word' id='word_1_70' title='bbox 407 1723 464 1784; x_wconf 85' lang='lat' dir='ltr'><strong>scd</strong></span> <span class='ocrx_word' id='word_1_71' title='bbox 480 1730 610 1805; x_wconf 87' lang='lat' dir='ltr'><strong>quantus</strong></span> <span class='ocrx_word' id='word_1_72' title='bbox 626 1743 715 1801; x_wconf 88' lang='lat' dir='ltr'><strong>cras,</strong></span> <span class='ocrx_word' id='word_1_73' title='bbox 738 1721 904 1785; x_wconf 87' lang='lat' dir='ltr'><strong>cumbella</strong></span> <span class='ocrx_word' id='word_1_74' title='bbox 923 1726 1043 1786; x_wconf 91' lang='lat' dir='ltr'><strong>touauti</strong></span> 
     </span>
     <span class='ocr_line' id='line_1_16' title="bbox 171 1807 875 1889; baseline 0.006 -22"><span class='ocrx_word' id='word_1_75' title='bbox 171 1808 242 1888; x_wconf 89' lang='lat' dir='ltr'><strong>Ipse</strong></span> <span class='ocrx_word' id='word_1_76' title='bbox 258 1808 350 1869; x_wconf 90' lang='lat' dir='ltr'><strong>dares</strong></span> <span class='ocrx_word' id='word_1_77' title='bbox 364 1808 472 1869; x_wconf 81' lang='lat' dir='ltr'><strong>Latiae</strong></span> <span class='ocrx_word' id='word_1_78' title='bbox 490 1808 614 1889; x_wconf 92' lang='lat' dir='ltr'><strong>plectra</strong></span> <span class='ocrx_word' id='word_1_79' title='bbox 630 1807 765 1870; x_wconf 88' lang='lat' dir='ltr'><strong>secunda</strong></span> <span class='ocrx_word' id='word_1_80' title='bbox 778 1808 875 1888; x_wconf 83' lang='lat' dir='ltr'><strong>lyrae.</strong></span> 
     </span>
    </p>

    <p class='ocr_par' dir='ltr' id='par_1_10' title="bbox 128 1891 1006 2057">
     <span class='ocr_line' id='line_1_17' title="bbox 128 1891 1006 1975; baseline 0.002 -23"><span class='ocrx_word' id='word_1_81' title='bbox 128 1891 212 1970; x_wconf 81' lang='lat' dir='ltr'><strong>Quid</strong></span> <span class='ocrx_word' id='word_1_82' title='bbox 224 1898 311 1953; x_wconf 87' lang='lat' dir='ltr'><strong>tauta</strong></span> <span class='ocrx_word' id='word_1_83' title='bbox 324 1911 382 1972; x_wconf 89' lang='lat' dir='ltr'><strong>pro</strong></span> <span class='ocrx_word' id='word_1_84' title='bbox 398 1893 468 1954; x_wconf 86' lang='lat' dir='ltr'><strong>luce</strong></span> <span class='ocrx_word' id='word_1_85' title='bbox 482 1893 620 1975; x_wconf 69' lang='lat' dir='ltr'><strong>precer?</strong></span> <span class='ocrx_word' id='word_1_86' title='bbox 649 1893 714 1970; x_wconf 81' lang='lat' dir='ltr'><strong>Tu,</strong></span> <span class='ocrx_word' id='word_1_87' title='bbox 736 1892 842 1972; x_wconf 87' lang='lat' dir='ltr'><strong>Polla,</strong></span> <span class='ocrx_word' id='word_1_88' title='bbox 863 1895 1006 1955; x_wconf 84' lang='lat' dir='ltr'><strong>marItum</strong></span> 
     </span>
     <span class='ocr_line' id='line_1_18' title="bbox 171 1975 750 2057; baseline 0.009 -21"><span class='ocrx_word' id='word_1_89' title='bbox 171 1976 272 2057; x_wconf 84' lang='lat' dir='ltr'><strong>Saepe</strong></span> <span class='ocrx_word' id='word_1_90' title='bbox 287 1975 372 2038; x_wconf 81' lang='lat' dir='ltr'><strong>colas</strong></span> <span class='ocrx_word' id='word_1_91' title='bbox 387 1984 420 2037; x_wconf 89' lang='lat' dir='ltr'><strong>et</strong></span> <span class='ocrx_word' id='word_1_92' title='bbox 434 1996 468 2038; x_wconf 86' lang='lat' dir='ltr'><strong>sc</strong></span> <span class='ocrx_word' id='word_1_93' title='bbox 480 1979 595 2039; x_wconf 88' lang='lat' dir='ltr'><strong>sentiat</strong></span> <span class='ocrx_word' id='word_1_94' title='bbox 607 1976 662 2039; x_wconf 87' lang='lat' dir='ltr'><strong>Ille</strong></span> <span class='ocrx_word' id='word_1_95' title='bbox 678 1975 750 2041; x_wconf 88' lang='lat' dir='ltr'><strong>coli.</strong></span> 
     </span>
    </p>
   </div>
   <div class='ocr_carea' id='block_1_9' title="bbox 513 2126 622 2189">
    <p class='ocr_par' dir='ltr' id='par_1_11' title="bbox 513 2126 622 2189">
     <span class='ocr_line' id='line_1_19' title="bbox 513 2126 622 2189; baseline 0.018 -2"><span class='ocrx_word' id='word_1_96' title='bbox 513 2126 622 2189; x_wconf 91' lang='lat' dir='ltr'><strong>XXIV.</strong></span> 
     </span>
    </p>
   </div>
   <div class='ocr_carea' id='block_1_10' title="bbox 51 2236 978 2909">
    <p class='ocr_par' dir='ltr' id='par_1_12' title="bbox 51 2236 978 2909">
     <span class='ocr_line' id='line_1_20' title="bbox 128 2236 978 2320; baseline 0.002 -23"><span class='ocrx_word' id='word_1_97' title='bbox 128 2237 207 2298; x_wconf 82' lang='lat' dir='ltr'><strong>Cum</strong></span> <span class='ocrx_word' id='word_1_98' title='bbox 218 2236 361 2300; x_wconf 87' lang='lat' dir='ltr'><strong>Iuvenale</strong></span> <span class='ocrx_word' id='word_1_99' title='bbox 375 2258 444 2300; x_wconf 92' lang='lat' dir='ltr'><strong>meo</strong></span> <span class='ocrx_word' id='word_1_100' title='bbox 461 2258 539 2318; x_wconf 88' lang='lat' dir='ltr'><strong>quae</strong></span> <span class='ocrx_word' id='word_1_101' title='bbox 555 2257 604 2299; x_wconf 88' lang='lat' dir='ltr'><strong>me</strong></span> <span class='ocrx_word' id='word_1_102' title='bbox 621 2240 815 2300; x_wconf 88' lang='lat' dir='ltr'><strong>committere</strong></span> <span class='ocrx_word' id='word_1_103' title='bbox 829 2245 978 2320; x_wconf 85' lang='lat' dir='ltr'><strong>temptas,</strong></span> 
     </span>
     <span class='ocr_line' id='line_1_21' title="bbox 172 2321 898 2404; baseline 0.004 -23"><span class='ocrx_word' id='word_1_104' title='bbox 172 2322 256 2398; x_wconf 81' lang='lat' dir='ltr'><strong>Quid</strong></span> <span class='ocrx_word' id='word_1_105' title='bbox 269 2344 332 2384; x_wconf 88' lang='lat' dir='ltr'><strong>nou</strong></span> <span class='ocrx_word' id='word_1_106' title='bbox 346 2323 491 2401; x_wconf 89' lang='lat' dir='ltr'><strong>audebis,</strong></span> <span class='ocrx_word' id='word_1_107' title='bbox 512 2322 634 2404; x_wconf 85' lang='lat' dir='ltr'><strong>perfida</strong></span> <span class='ocrx_word' id='word_1_108' title='bbox 645 2321 767 2402; x_wconf 85' lang='lat' dir='ltr'><strong>lingua,</strong></span> <span class='ocrx_word' id='word_1_109' title='bbox 788 2322 898 2401; x_wconf 75' lang='lat' dir='ltr'><strong>loqui?</strong></span> 
     </span>
     <span class='ocr_line' id='line_1_22' title="bbox 129 2404 948 2488; baseline 0.006 -23"><span class='ocrx_word' id='word_1_110' title='bbox 129 2404 178 2466; x_wconf 82' lang='lat' dir='ltr'><strong>Te</strong></span> <span class='ocrx_word' id='word_1_111' title='bbox 192 2407 331 2487; x_wconf 84' lang='lat' dir='ltr'><strong>fingente</strong></span> <span class='ocrx_word' id='word_1_112' title='bbox 344 2409 433 2468; x_wconf 84' lang='lat' dir='ltr'><strong>aclas</strong></span> <span class='ocrx_word' id='word_1_113' title='bbox 453 2407 593 2487; x_wconf 85' lang='lat' dir='ltr'><strong>Pyladen</strong></span> <span class='ocrx_word' id='word_1_114' title='bbox 608 2405 726 2468; x_wconf 87' lang='lat' dir='ltr'><strong>odisset</strong></span> <span class='ocrx_word' id='word_1_115' title='bbox 740 2407 887 2488; x_wconf 84' lang='lat' dir='ltr'><strong>Orestes,</strong></span> <span class='ocrx_word' id='word_1_116' title='bbox 941 2456 948 2461; x_wconf 84' lang='lat'>.</span> 
     </span>
     <span class='ocr_line' id='line_1_23' title="bbox 173 2489 779 2567; baseline 0.005 -18"><span class='ocrx_word' id='word_1_117' title='bbox 173 2489 298 2552; x_wconf 84' lang='lat' dir='ltr'><strong>Thesea</strong></span> <span class='ocrx_word' id='word_1_118' title='bbox 316 2490 451 2553; x_wconf 88' lang='lat' dir='ltr'><strong>Pirithoi</strong></span> <span class='ocrx_word' id='word_1_119' title='bbox 467 2491 661 2553; x_wconf 89' lang='lat' dir='ltr'><strong>destituisset</strong></span> <span class='ocrx_word' id='word_1_120' title='bbox 677 2512 779 2567; x_wconf 90' lang='lat' dir='ltr'><strong>amor;</strong></span> 
     </span>
     <span class='ocr_line' id='line_1_24' title="bbox 106 2573 873 2638; baseline 0.001 -3"><span class='ocrx_word' id='word_1_121' title='bbox 106 2573 182 2635; x_wconf 68' lang='lat' dir='ltr'><strong>§Tu</strong></span> <span class='ocrx_word' id='word_1_122' title='bbox 197 2573 318 2636; x_wconf 88' lang='lat' dir='ltr'><strong>Siculos</strong></span> <span class='ocrx_word' id='word_1_123' title='bbox 332 2576 448 2638; x_wconf 85' lang='lat' dir='ltr'><strong>fratres</strong></span> <span class='ocrx_word' id='word_1_124' title='bbox 465 2583 498 2636; x_wconf 93' lang='lat' dir='ltr'><strong>ct</strong></span> <span class='ocrx_word' id='word_1_125' title='bbox 511 2578 606 2637; x_wconf 85' lang='lat' dir='ltr'><strong>maius</strong></span> <span class='ocrx_word' id='word_1_126' title='bbox 620 2595 733 2638; x_wconf 86' lang='lat' dir='ltr'><strong>nomeu</strong></span> <span class='ocrx_word' id='word_1_127' title='bbox 746 2577 873 2638; x_wconf 82' lang='lat' dir='ltr'><strong>Atridas</strong></span> 
     </span>
     <span class='ocr_line' id='line_1_25' title="bbox 171 2658 776 2740; baseline 0 -21"><span class='ocrx_word' id='word_1_128' title='bbox 171 2658 213 2719; x_wconf 82' lang='lat' dir='ltr'><strong>Et</strong></span> <span class='ocrx_word' id='word_1_129' title='bbox 228 2659 331 2719; x_wconf 87' lang='lat' dir='ltr'><strong>Ledae</strong></span> <span class='ocrx_word' id='word_1_130' title='bbox 346 2666 472 2740; x_wconf 85' lang='lat' dir='ltr'><strong>poteras</strong></span> <span class='ocrx_word' id='word_1_131' title='bbox 487 2661 656 2722; x_wconf 84' lang='lat' dir='ltr'><strong>dissociare</strong></span> <span class='ocrx_word' id='word_1_132' title='bbox 671 2679 776 2740; x_wconf 79' lang='lat' dir='ltr'><strong>genus.</strong></span> 
     </span>
     <span class='ocr_line' id='line_1_26' title="bbox 51 2742 931 2824; baseline 0.002 -23"><span class='ocrx_word' id='word_1_133' title='bbox 51 2796 54 2801; x_wconf 90' lang='lat'>.</span> <span class='ocrx_word' id='word_1_134' title='bbox 128 2742 198 2802; x_wconf 89' lang='lat' dir='ltr'><strong>Hoc</strong></span> <span class='ocrx_word' id='word_1_135' title='bbox 211 2743 270 2804; x_wconf 89' lang='lat' dir='ltr'><strong>tibi</strong></span> <span class='ocrx_word' id='word_1_136' title='bbox 282 2764 340 2824; x_wconf 91' lang='lat' dir='ltr'><strong>pro</strong></span> <span class='ocrx_word' id='word_1_137' title='bbox 354 2746 475 2805; x_wconf 76' lang='lat' dir='ltr'><strong>meribis</strong></span> <span class='ocrx_word' id='word_1_138' title='bbox 490 2752 523 2804; x_wconf 89' lang='lat' dir='ltr'><strong>et</strong></span> <span class='ocrx_word' id='word_1_139' title='bbox 535 2742 650 2804; x_wconf 83' lang='lat' dir='ltr'><strong>talibus</strong></span> <span class='ocrx_word' id='word_1_140' title='bbox 663 2746 819 2823; x_wconf 89' lang='lat' dir='ltr'><strong>imprecor</strong></span> <span class='ocrx_word' id='word_1_141' title='bbox 835 2745 931 2821; x_wconf 88' lang='lat' dir='ltr'><strong>ausis,</strong></span> 
     </span>
     <span class='ocr_line' id='line_1_27' title="bbox 172 2825 921 2909; baseline 0.003 -24"><span class='ocrx_word' id='word_1_142' title='bbox 172 2826 216 2886; x_wconf 92' lang='lat' dir='ltr'><strong>Ut</strong></span> <span class='ocrx_word' id='word_1_143' title='bbox 230 2826 326 2888; x_wconf 80' lang='lat' dir='ltr'><strong>facias</strong></span> <span class='ocrx_word' id='word_1_144' title='bbox 340 2825 438 2907; x_wconf 89' lang='lat' dir='ltr'><strong>illud,</strong></span> <span class='ocrx_word' id='word_1_145' title='bbox 462 2827 562 2909; x_wconf 89' lang='lat' dir='ltr'><strong>quod,</strong></span> <span class='ocrx_word' id='word_1_146' title='bbox 584 2834 676 2906; x_wconf 92' lang='lat' dir='ltr'><strong>puto,</strong></span> <span class='ocrx_word' id='word_1_147' title='bbox 696 2827 816 2906; x_wconf 83' lang='lat' dir='ltr'><strong>liugua,</strong></span> <span class='ocrx_word' id='word_1_148' title='bbox 836 2829 921 2887; x_wconf 85' lang='lat' dir='ltr'><strong>facis.</strong></span> 
     </span>
    </p>
   </div>
   <div class='ocr_carea' id='block_1_11' title="bbox 518 2961 1035 3063">
    <p class='ocr_par' dir='ltr' id='par_1_13' title="bbox 518 2961 1035 3063">
     <span class='ocr_line' id='line_1_28' title="bbox 518 2961 1035 3063; baseline 0.01 -41"><span class='ocrx_word' id='word_1_149' title='bbox 518 2961 615 3026; x_wconf 83' lang='lat' dir='ltr'><strong>xxv.</strong></span> <span class='ocrx_word' id='word_1_150' title='bbox 1027 3020 1035 3063; x_wconf 38' lang='grc' dir='ltr'><em>Ι</em></span> 
     </span>
    </p>
   </div>
   <div class='ocr_carea' id='block_1_12' title="bbox 97 3073 1039 3579">
    <p class='ocr_par' dir='ltr' id='par_1_14' title="bbox 97 3073 1039 3579">
     <span class='ocr_line' id='line_1_29' title="bbox 128 3073 962 3158; baseline 0.005 -26"><span class='ocrx_word' id='word_1_151' title='bbox 128 3073 239 3136; x_wconf 87' lang='lat' dir='ltr'><strong>Dulcia</strong></span> <span class='ocrx_word' id='word_1_152' title='bbox 255 3095 323 3136; x_wconf 92' lang='lat' dir='ltr'><strong>cum</strong></span> <span class='ocrx_word' id='word_1_153' title='bbox 337 3082 456 3137; x_wconf 89' lang='lat' dir='ltr'><strong>tautum</strong></span> <span class='ocrx_word' id='word_1_154' title='bbox 472 3079 589 3138; x_wconf 86' lang='lat' dir='ltr'><strong>scribas</strong></span> <span class='ocrx_word' id='word_1_155' title='bbox 605 3078 825 3158; x_wconf 83' lang='lat' dir='ltr'><strong>epigrammata</strong></span> <span class='ocrx_word' id='word_1_156' title='bbox 838 3094 962 3157; x_wconf 87' lang='lat' dir='ltr'><strong>semper</strong></span> 
     </span>
     <span class='ocr_line' id='line_1_30' title="bbox 171 3159 679 3238; baseline 0.006 -20"><span class='ocrx_word' id='word_1_157' title='bbox 171 3159 213 3219; x_wconf 83' lang='lat' dir='ltr'><strong>Et</strong></span> <span class='ocrx_word' id='word_1_158' title='bbox 228 3167 385 3221; x_wconf 83' lang='lat' dir='ltr'><strong>cerussata</strong></span> <span class='ocrx_word' id='word_1_159' title='bbox 399 3160 578 3222; x_wconf 89' lang='lat' dir='ltr'><strong>candidiora</strong></span> <span class='ocrx_word' id='word_1_160' title='bbox 592 3168 679 3238; x_wconf 89' lang='lat' dir='ltr'><strong>cute,</strong></span> 
     </span>
     <span class='ocr_line' id='line_1_31' title="bbox 127 3241 866 3324; baseline 0.004 -21"><span class='ocrx_word' id='word_1_161' title='bbox 127 3241 282 3324; x_wconf 85' lang='lat' dir='ltr'><strong>Nullaque</strong></span> <span class='ocrx_word' id='word_1_162' title='bbox 296 3247 375 3305; x_wconf 89' lang='lat' dir='ltr'><strong>mica</strong></span> <span class='ocrx_word' id='word_1_163' title='bbox 389 3245 460 3305; x_wconf 86' lang='lat' dir='ltr'><strong>salis</strong></span> <span class='ocrx_word' id='word_1_164' title='bbox 475 3264 533 3305; x_wconf 87' lang='lat' dir='ltr'><strong>uec</strong></span> <span class='ocrx_word' id='word_1_165' title='bbox 546 3246 640 3305; x_wconf 88' lang='lat' dir='ltr'><strong>amari</strong></span> <span class='ocrx_word' id='word_1_166' title='bbox 654 3244 740 3305; x_wconf 84' lang='lat' dir='ltr'><strong>fellis</strong></span> <span class='ocrx_word' id='word_1_167' title='bbox 755 3247 787 3305; x_wconf 93' lang='lat' dir='ltr'><strong>iu</strong></span> <span class='ocrx_word' id='word_1_168' title='bbox 800 3243 866 3306; x_wconf 88' lang='lat' dir='ltr'><strong>illis</strong></span> 
     </span>
     <span class='ocr_line' id='line_1_32' title="bbox 172 3326 1039 3408; baseline 0.002 -20"><span class='ocrx_word' id='word_1_169' title='bbox 172 3327 268 3389; x_wconf 79' lang='lat' dir='ltr'><strong>Gutta</strong></span> <span class='ocrx_word' id='word_1_170' title='bbox 282 3331 340 3407; x_wconf 78' lang='lat' dir='ltr'><strong>stt,</strong></span> <span class='ocrx_word' id='word_1_171' title='bbox 361 3348 379 3388; x_wconf 94' lang='lat' dir='ltr'><strong>o</strong></span> <span class='ocrx_word' id='word_1_172' title='bbox 399 3328 544 3408; x_wconf 86' lang='lat' dir='ltr'><strong>demens,</strong></span> <span class='ocrx_word' id='word_1_173' title='bbox 565 3331 610 3388; x_wconf 88' lang='lat' dir='ltr'><strong>vis</strong></span> <span class='ocrx_word' id='word_1_174' title='bbox 625 3335 728 3389; x_wconf 89' lang='lat' dir='ltr'><strong>tamen</strong></span> <span class='ocrx_word' id='word_1_175' title='bbox 742 3326 797 3397; x_wconf 86' lang='lat' dir='ltr'><strong>illa</strong></span> <span class='ocrx_word' id='word_1_176' title='bbox 812 3327 890 3408; x_wconf 84' lang='lat' dir='ltr'><strong>legi!</strong></span> <span class='ocrx_word' id='word_1_177' title='bbox 1014 3352 1018 3405; x_wconf 71' lang='lat' dir='ltr'><em>g</em></span> <span class='ocrx_word' id='word_1_178' title='bbox 1036 3349 1039 3355; x_wconf 91' lang='grc'><strong><em>·</em></strong></span> 
     </span>
     <span class='ocr_line' id='line_1_33' title="bbox 97 3410 1015 3494; baseline 0.003 -25"><span class='ocrx_word' id='word_1_179' title='bbox 97 3418 116 3469; x_wconf 87' lang='lat'>5</span> <span class='ocrx_word' id='word_1_180' title='bbox 131 3410 196 3471; x_wconf 89' lang='lat' dir='ltr'><strong>Nec</strong></span> <span class='ocrx_word' id='word_1_181' title='bbox 211 3414 298 3473; x_wconf 89' lang='lat' dir='ltr'><strong>cibus</strong></span> <span class='ocrx_word' id='word_1_182' title='bbox 313 3415 380 3494; x_wconf 86' lang='lat' dir='ltr'><strong>ipse</strong></span> <span class='ocrx_word' id='word_1_183' title='bbox 392 3415 478 3473; x_wconf 87' lang='lat' dir='ltr'><strong>iuvat</strong></span> <span class='ocrx_word' id='word_1_184' title='bbox 485 3433 593 3473; x_wconf 85' lang='lat' dir='ltr'><strong>morsu</strong></span> <span class='ocrx_word' id='word_1_185' title='bbox 607 3412 767 3474; x_wconf 85' lang='lat' dir='ltr'><strong>fraudatus</strong></span> <span class='ocrx_word' id='word_1_186' title='bbox 782 3415 878 3487; x_wconf 87' lang='lat' dir='ltr'><strong>aceti,</strong></span> <span class='ocrx_word' id='word_1_187' title='bbox 1010 3442 1015 3484; x_wconf 68' lang='grc' dir='ltr'><strong>,ι</strong></span> 
     </span>
     <span class='ocr_line' id='line_1_34' title="bbox 172 3494 894 3579; baseline 0.006 -25"><span class='ocrx_word' id='word_1_188' title='bbox 172 3494 238 3556; x_wconf 91' lang='lat' dir='ltr'><strong>Nec</strong></span> <span class='ocrx_word' id='word_1_189' title='bbox 253 3503 340 3576; x_wconf 82' lang='lat' dir='ltr'><strong>grata</strong></span> <span class='ocrx_word' id='word_1_190' title='bbox 355 3504 404 3557; x_wconf 84' lang='lat' dir='ltr'><strong>est</strong></span> <span class='ocrx_word' id='word_1_191' title='bbox 418 3497 531 3578; x_wconf 85' lang='lat' dir='ltr'><strong>facies,</strong></span> <span class='ocrx_word' id='word_1_192' title='bbox 554 3498 603 3558; x_wconf 92' lang='lat' dir='ltr'><strong>cui</strong></span> <span class='ocrx_word' id='word_1_193' title='bbox 618 3494 774 3579; x_wconf 80' lang='lat' dir='ltr'><strong>gelasinus</strong></span> <span class='ocrx_word' id='word_1_194' title='bbox 791 3500 894 3558; x_wconf 73' lang='lat' dir='ltr'><strong>abest.</strong></span> 
     </span>
    </p>
   </div>
   <div class='ocr_carea' id='block_1_13' title="bbox 1020 3164 1064 3253">
    <p class='ocr_par' dir='ltr' id='par_1_15' title="bbox 1020 3164 1064 3253">
     <span class='ocr_line' id='line_1_35' title="bbox 1048 3164 1064 3207; baseline 0 -14"><span class='ocrx_word' id='word_1_195' title='bbox 1048 3164 1064 3207; x_wconf 70' lang='lat' dir='ltr'><strong>js</strong></span> 
     </span>
     <span class='ocr_line' id='line_1_36' title="bbox 1020 3209 1063 3253; baseline 0 -5"><span class='ocrx_word' id='word_1_196' title='bbox 1020 3209 1063 3253; x_wconf 69' lang='lat'><strong>19</strong></span> 
     </span>
    </p>
   </div>
   <div class='ocr_carea' id='block_1_14' title="bbox 0 0 1190 3924">
    <p class='ocr_par' dir='ltr' id='par_1_16' title="bbox 0 0 1190 3924">
     <span class='ocr_line' id='line_1_37' title="bbox 0 0 1190 3924; baseline 0 0"><span class='ocrx_word' id='word_1_197' title='bbox 0 0 1190 3924; x_wconf 95' lang='lat' dir='ltr'><strong> </strong></span> 
     </span>
    </p>
   </div>
  </div>
 </body>
</html>
