2370 3924
184 243 188 256 ·
276 213 616 277 EPIGRAMMATON
629 215 704 279 LIB.
722 217 804 283 XIV.
1001 220 1067 286 327

372 417 450 481 LIV.
476 416 717 501 Crepitacillum.

106 529 141 590 Si
156 530 226 608 quia
239 527 381 612 plorator
396 528 477 592 collo
493 533 550 593 tibi
566 533 692 593 vernula
705 530 839 613 pendet,

146 613 234 673 Haec
250 615 368 694 quatiat
381 621 491 676 tenera
505 615 629 694 garrula
643 617 736 676 aiatra
750 637 849 678 mann.

402 749 467 812 LV.
487 749 682 833 Flagellum.

103 844 255 905 Proficies
269 844 349 907 nihil
363 847 423 907 hoa
438 847 548 908 caedua
561 847 640 908 licet
655 865 751 927 usque
767 848 910 929 flagello,

146 928 180 988 Si
193 929 252 989 tibi
264 950 422 1012 purpurea
437 930 478 990 de
493 950 588 1011 grege
603 933 701 992 currit
716 950 822 1012 equus.

373 1066 450 1128 LVI.
474 1067 704 1144 Dentifricium.

103 1159 186 1234 QuiI
202 1180 321 1223 mecum
336 1165 480 1224 esttibi?
510 1164 565 1224 Ma
580 1163 683 1244 puella
698 1171 806 1224 sumat.
883 1191 885 1196 ’

100 1243 231 1324 Emptos
245 1266 308 1309 nan
324 1246 410 1308 aaIeo
425 1246 527 1327 polire
542 1246 662 1307 dentes.

356 1380 449 1443 LVII.
473 1380 720 1462 Myrobalanum.

104 1477 194 1553 Quod
209 1497 268 1539 nec
283 1479 457 1559 Vergilius,
479 1500 538 1542 nec
551 1481 686 1541 carmine
702 1479 779 1542 dicit
792 1482 969 1558 Homerus,⁴

142 1561 212 1622 Hoc
226 1581 265 1623 ex
278 1570 434 1641 unguenta
450 1570 572 1625 constat
584 1572 618 1625 et
634 1583 672 1625 ex
685 1563 806 1625 balano.

349 1697 460 1760 LVIII.
484 1697 720 1779 Aphronitrum.

100 1792 247 1854 Ruati'cna
260 1795 317 1854 eal
338 1798 457 1873 nescia,
481 1795 555 1874 quid
571 1797 691 1857 Graeca
705 1799 830 1857 nomIna
846 1795 959 1857 dicar:¹

143 1876 257 1959 Spuma
269 1898 363 1939 vocar
377 1881 463 1940 nitri.
494 1881 631 1941 Graeca·
646 1881 703 1941 aa?
725 1883 946 1961 aphranItrum.

288 2068 290 2072 .
376 2013 454 2077 LIX.
480 2015 695 2097 Opobalaama.

98 2106 239 2170 Balsama
252 2097 302 2171 ma
317 2113 456 2192 capiunt,
478 2115 556 2175 haea
571 2120 642 2174 aunt
656 2119 812 2193 unguenta
822 2114 974 2190 virorum3

141 2193 276 2255 Deliciaa
289 2194 393 2256 Cosmi
404 2215 459 2258 voa
472 2196 632 2276 redolete,
654 2216 760 2258 nurus.

398 2331 461 2390 LX.
485 2331 680 2393 Lomentum.

101 2426 234 2486 Gratum
248 2447 357 2489 munus
373 2430 435 2490 erit
450 2430 546 2491 scissa
561 2449 619 2491 nea
634 2428 744 2490 Inutile
758 2429 876 2507 ventri,

143 2511 176 2570 Si
192 2508 277 2572 clara
292 2512 443 2594 Stephani
456 2514 568 2575 balnea
581 2513 652 2575 Ince
666 2521 764 2595 petes.

342 2646 420 2712 LXI.
443 2648 585 2710 Lataraa
600 2669 722 2710 caraea.

100 2740 167 2801 Dux
185 2737 305 2803 laterna
321 2745 388 2806 viae
403 2743 497 2804 alania
512 2747 599 2805 ferar
615 2763 708 2804 aurea
720 2746 848 2805 flammis

141 2826 183 2884 nt
198 2831 265 2888 tata
280 2833 329 2888 eat
342 2830 460 2906 gremio
475 2848 568 2908 parva
580 2826 710 2889 lacerna
723 2846 802 2888 mea.

317 2961 408 3026 LXII.
431 2961 573 3023 Lateraa
589 2963 628 3025 cla
640 2966 752 3026 aesica.

98 3057 222 3119 cornea
236 3058 263 3117 ai
276 3076 338 3117 non
353 3079 435 3138 sum,
459 3060 606 3139 numquid
623 3081 689 3120 aum
703 3059 841 3120 fuscior?
857 3063 971 3120 aalma

100 3197 105 3207 .
140 3141 284 3204 Vealcam
299 3149 407 3204 contra
422 3145 475 3222 qui
489 3145 575 3204 venit
590 3162 659 3204 eaae
673 3144 785 3225 putat?
903 3172 913 3183 κ

407 3277 511 3338 LXIII.
535 3279 670 3338 natata.

99 3369 181 3447 Quid
195 3391 244 3432 me
260 3380 447 3454 compactam
464 3376 544 3435 aeris
560 3381 593 3435 et
608 3373 780 3436 harundine
796 3374 904 3436 rides?

141 3456 226 3533 Quae
240 3458 372 3539 primum
387 3465 504 3519 structa
519 3465 567 3518 est
582 3457 701 3540 fistula,
724 3458 795 3520 talia
812 3465 889 3520 erat.
