<?xml version="1.0" encoding="UTF-8"?>
<!DOCTYPE html PUBLIC "-//W3C//DTD XHTML 1.0 Transitional//EN"
    "http://www.w3.org/TR/xhtml1/DTD/xhtml1-transitional.dtd">
<html xmlns="http://www.w3.org/1999/xhtml" xml:lang="en" lang="en">
 <head>
  <title>
</title>
<meta http-equiv="Content-Type" content="text/html;charset=utf-8" />
  <meta name='ocr-system' content='tesseract 3.04.00' />
  <meta name='ocr-capabilities' content='ocr_page ocr_carea ocr_par ocr_line ocrx_word'/>
</head>
<body>
  <div class='ocr_page' id='page_1' title='image "./epigrammatonlib02martgoog_0089.png"; bbox 0 0 2370 3924; ppageno 0'>
   <div class='ocr_carea' id='block_1_1' title="bbox 412 217 805 281">
    <p class='ocr_par' dir='ltr' id='par_1_1' title="bbox 412 217 805 281">
     <span class='ocr_line' id='line_1_1' title="bbox 412 217 805 281; baseline -0.005 0"><span class='ocrx_word' id='word_1_1' title='bbox 412 219 456 280; x_wconf 81' lang='lat' dir='ltr'><strong>M.</strong></span> <span class='ocrx_word' id='word_1_2' title='bbox 471 218 563 281; x_wconf 86' lang='lat' dir='ltr'><strong>VAL.</strong></span> <span class='ocrx_word' id='word_1_3' title='bbox 579 217 805 281; x_wconf 81' lang='lat' dir='ltr'><strong>MARTlALlS</strong></span> 
     </span>
    </p>
   </div>
   <div class='ocr_carea' id='block_1_2' title="bbox 570 419 651 482">
    <p class='ocr_par' dir='ltr' id='par_1_2' title="bbox 570 419 651 482">
     <span class='ocr_line' id='line_1_2' title="bbox 570 419 651 482; baseline 0.025 -2"><span class='ocrx_word' id='word_1_4' title='bbox 570 419 651 482; x_wconf 89' lang='lat' dir='ltr'>XIX.</span> 
     </span>
    </p>
   </div>
   <div class='ocr_carea' id='block_1_3' title="bbox 170 530 934 616">
    <p class='ocr_par' dir='ltr' id='par_1_3' title="bbox 170 530 934 616">
     <span class='ocr_line' id='line_1_3' title="bbox 170 530 934 616; baseline -0.001 -20"><span class='ocrx_word' id='word_1_5' title='bbox 170 537 314 596; x_wconf 81' lang='lat' dir='ltr'><strong>Proxima</strong></span> <span class='ocrx_word' id='word_1_6' title='bbox 329 536 470 595; x_wconf 83' lang='lat' dir='ltr'><strong>centenis</strong></span> <span class='ocrx_word' id='word_1_7' title='bbox 486 534 662 595; x_wconf 68' lang='lat' dir='ltr'><strong>ostenditur</strong></span> <span class='ocrx_word' id='word_1_8' title='bbox 675 553 748 594; x_wconf 89' lang='lat' dir='ltr'><strong>ursa</strong></span> <span class='ocrx_word' id='word_1_9' title='bbox 762 530 934 616; x_wconf 85' lang='lat' dir='ltr'><strong>columnis,</strong></span> 
     </span>
    </p>
   </div>
   <div class='ocr_carea' id='block_1_4' title="bbox 104 615 1029 1203">
    <p class='ocr_par' dir='ltr' id='par_1_4' title="bbox 104 615 1029 1203">
     <span class='ocr_line' id='line_1_4' title="bbox 212 615 842 697; baseline -0.005 -16"><span class='ocrx_word' id='word_1_10' title='bbox 212 621 373 682; x_wconf 82' lang='lat' dir='ltr'><strong>Exornant</strong></span> <span class='ocrx_word' id='word_1_11' title='bbox 387 618 479 679; x_wconf 84' lang='lat' dir='ltr'><strong>lictae</strong></span> <span class='ocrx_word' id='word_1_12' title='bbox 495 639 554 697; x_wconf 86' lang='lat' dir='ltr'><strong>qna</strong></span> <span class='ocrx_word' id='word_1_13' title='bbox 567 615 733 697; x_wconf 79' lang='lat' dir='ltr'><strong>platanona</strong></span> <span class='ocrx_word' id='word_1_14' title='bbox 746 618 842 678; x_wconf 89' lang='lat' dir='ltr'><strong>ferae.</strong></span> 
     </span>
     <span class='ocr_line' id='line_1_5' title="bbox 135 700 912 783; baseline -0.003 -19"><span class='ocrx_word' id='word_1_15' title='bbox 135 708 137 712; x_wconf 82' lang='grc'><strong>’</strong></span> <span class='ocrx_word' id='word_1_16' title='bbox 170 704 270 764; x_wconf 87' lang='lat' dir='ltr'><strong>Huius</strong></span> <span class='ocrx_word' id='word_1_17' title='bbox 284 702 356 762; x_wconf 91' lang='lat' dir='ltr'><strong>dum</strong></span> <span class='ocrx_word' id='word_1_18' title='bbox 370 701 492 783; x_wconf 85' lang='lat' dir='ltr'><strong>patulos</strong></span> <span class='ocrx_word' id='word_1_19' title='bbox 507 700 648 761; x_wconf 78' lang='lat' dir='ltr'><strong>alludens</strong></span> <span class='ocrx_word' id='word_1_20' title='bbox 664 707 797 782; x_wconf 90' lang='lat' dir='ltr'><strong>temptat</strong></span> <span class='ocrx_word' id='word_1_21' title='bbox 810 701 912 762; x_wconf 81' lang='lat' dir='ltr'><strong>hiatus</strong></span> 
     </span>
     <span class='ocr_line' id='line_1_6' title="bbox 212 783 1029 865; baseline 0.007 -18"><span class='ocrx_word' id='word_1_22' title='bbox 212 787 348 848; x_wconf 86' lang='lat' dir='ltr'><strong>Pulcher</strong></span> <span class='ocrx_word' id='word_1_23' title='bbox 362 783 477 865; x_wconf 81' lang='lat' dir='ltr'><strong>Hylas,</strong></span> <span class='ocrx_word' id='word_1_24' title='bbox 499 792 640 846; x_wconf 88' lang='lat' dir='ltr'><strong>teneram</strong></span> <span class='ocrx_word' id='word_1_25' title='bbox 655 787 765 846; x_wconf 87' lang='lat' dir='ltr'><strong>mersit</strong></span> <span class='ocrx_word' id='word_1_26' title='bbox 778 787 812 846; x_wconf 91' lang='lat' dir='ltr'><strong>in</strong></span> <span class='ocrx_word' id='word_1_27' title='bbox 827 805 882 845; x_wconf 94' lang='lat' dir='ltr'><strong>ora</strong></span> <span class='ocrx_word' id='word_1_28' title='bbox 897 806 1029 853; x_wconf 82' lang='lat' dir='ltr'><strong>manum.</strong></span> 
     </span>
     <span class='ocr_line' id='line_1_7' title="bbox 150 866 899 952; baseline -0.004 -19"><span class='ocrx_word' id='word_1_29' title='bbox 150 871 288 952; x_wconf 85' lang='lat' dir='ltr'><strong>5Vipera</strong></span> <span class='ocrx_word' id='word_1_30' title='bbox 302 869 359 930; x_wconf 88' lang='lat' dir='ltr'><strong>sed</strong></span> <span class='ocrx_word' id='word_1_31' title='bbox 372 888 464 930; x_wconf 88' lang='lat' dir='ltr'><strong>caeco</strong></span> <span class='ocrx_word' id='word_1_32' title='bbox 480 869 633 930; x_wconf 86' lang='lat' dir='ltr'><strong>scelerata</strong></span> <span class='ocrx_word' id='word_1_33' title='bbox 645 866 764 930; x_wconf 89' lang='lat' dir='ltr'><strong>latebat</strong></span> <span class='ocrx_word' id='word_1_34' title='bbox 778 872 811 931; x_wconf 87' lang='lat' dir='ltr'><strong>iu</strong></span> <span class='ocrx_word' id='word_1_35' title='bbox 826 888 899 930; x_wconf 87' lang='lat' dir='ltr'><strong>uere</strong></span> 
     </span>
     <span class='ocr_line' id='line_1_8' title="bbox 212 952 784 1034; baseline 0 -19"><span class='ocrx_word' id='word_1_36' title='bbox 212 954 406 1034; x_wconf 82' lang='lat' dir='ltr'><strong>Vivebatque</strong></span> <span class='ocrx_word' id='word_1_37' title='bbox 421 955 520 1014; x_wconf 90' lang='lat' dir='ltr'><strong>anima</strong></span> <span class='ocrx_word' id='word_1_38' title='bbox 534 952 693 1013; x_wconf 87' lang='lat' dir='ltr'><strong>deteriore</strong></span> <span class='ocrx_word' id='word_1_39' title='bbox 707 956 784 1015; x_wconf 89' lang='lat' dir='ltr'><strong>fera.</strong></span> 
     </span>
     <span class='ocr_line' id='line_1_9' title="bbox 170 1036 1002 1119; baseline -0.001 -20"><span class='ocrx_word' id='word_1_40' title='bbox 170 1037 240 1099; x_wconf 89' lang='lat' dir='ltr'><strong>Non</strong></span> <span class='ocrx_word' id='word_1_41' title='bbox 253 1039 351 1100; x_wconf 84' lang='lat' dir='ltr'><strong>sensit</strong></span> <span class='ocrx_word' id='word_1_42' title='bbox 366 1057 445 1118; x_wconf 92' lang='lat' dir='ltr'><strong>puer</strong></span> <span class='ocrx_word' id='word_1_43' title='bbox 460 1056 529 1098; x_wconf 82' lang='lat' dir='ltr'><strong>erse</strong></span> <span class='ocrx_word' id='word_1_44' title='bbox 545 1036 649 1114; x_wconf 84' lang='lat' dir='ltr'><strong>dolos,</strong></span> <span class='ocrx_word' id='word_1_45' title='bbox 670 1039 730 1098; x_wconf 89' lang='lat' dir='ltr'><strong>nisi</strong></span> <span class='ocrx_word' id='word_1_46' title='bbox 745 1037 839 1098; x_wconf 91' lang='lat' dir='ltr'><strong>dente</strong></span> <span class='ocrx_word' id='word_1_47' title='bbox 853 1045 1002 1119; x_wconf 80' lang='lat' dir='ltr'><strong>recepto,</strong></span> 
     </span>
     <span class='ocr_line' id='line_1_10' title="bbox 104 1120 968 1203; baseline 0.002 -22"><span class='ocrx_word' id='word_1_48' title='bbox 104 1188 107 1193; x_wconf 8' lang='lat' dir='ltr'><strong>g</strong></span> <span class='ocrx_word' id='word_1_49' title='bbox 212 1123 292 1190; x_wconf 87' lang='lat' dir='ltr'><strong>Dum</strong></span> <span class='ocrx_word' id='word_1_50' title='bbox 305 1123 406 1202; x_wconf 88' lang='lat' dir='ltr'><strong>perit:</strong></span> <span class='ocrx_word' id='word_1_51' title='bbox 429 1142 447 1182; x_wconf 96' lang='lat' dir='ltr'><strong>o</strong></span> <span class='ocrx_word' id='word_1_52' title='bbox 463 1123 598 1200; x_wconf 83' lang='lat' dir='ltr'><strong>facinus,</strong></span> <span class='ocrx_word' id='word_1_53' title='bbox 615 1120 693 1182; x_wconf 87' lang='lat' dir='ltr'><strong>falsa</strong></span> <span class='ocrx_word' id='word_1_54' title='bbox 709 1121 792 1203; x_wconf 87' lang='lat' dir='ltr'><strong>quod</strong></span> <span class='ocrx_word' id='word_1_55' title='bbox 808 1141 881 1182; x_wconf 89' lang='lat' dir='ltr'><strong>ursa</strong></span> <span class='ocrx_word' id='word_1_56' title='bbox 893 1122 968 1183; x_wconf 84' lang='lat' dir='ltr'><strong>fuit!</strong></span> 
     </span>
    </p>
   </div>
   <div class='ocr_carea' id='block_1_5' title="bbox 577 1256 645 1320">
    <p class='ocr_par' dir='ltr' id='par_1_5' title="bbox 577 1256 645 1320">
     <span class='ocr_line' id='line_1_11' title="bbox 577 1256 645 1320; baseline 0.044 -3"><span class='ocrx_word' id='word_1_57' title='bbox 577 1256 645 1320; x_wconf 86' lang='lat' dir='ltr'><strong>XX.</strong></span> 
     </span>
    </p>
   </div>
   <div class='ocr_carea' id='block_1_6' title="bbox 60 1368 919 3131">
    <p class='ocr_par' dir='ltr' id='par_1_6' title="bbox 60 1368 909 1786">
     <span class='ocr_line' id='line_1_12' title="bbox 171 1368 909 1448; baseline 0.005 -21"><span class='ocrx_word' id='word_1_58' title='bbox 171 1369 244 1447; x_wconf 85' lang='lat' dir='ltr'><strong>Die,</strong></span> <span class='ocrx_word' id='word_1_59' title='bbox 266 1369 372 1448; x_wconf 87' lang='lat' dir='ltr'><strong>Musa,</strong></span> <span class='ocrx_word' id='word_1_60' title='bbox 395 1368 469 1448; x_wconf 88' lang='lat' dir='ltr'><strong>quid</strong></span> <span class='ocrx_word' id='word_1_61' title='bbox 484 1377 553 1448; x_wconf 87' lang='lat' dir='ltr'><strong>agat</strong></span> <span class='ocrx_word' id='word_1_62' title='bbox 567 1371 680 1431; x_wconf 80' lang='lat' dir='ltr'><strong>Canius</strong></span> <span class='ocrx_word' id='word_1_63' title='bbox 695 1388 781 1430; x_wconf 82' lang='lat' dir='ltr'><strong>meur</strong></span> <span class='ocrx_word' id='word_1_64' title='bbox 796 1369 909 1431; x_wconf 77' lang='lat' dir='ltr'><strong>Rufus:</strong></span> 
     </span>
     <span class='ocr_line' id='line_1_13' title="bbox 169 1452 781 1515; baseline -0.002 -1"><span class='ocrx_word' id='word_1_65' title='bbox 169 1452 322 1514; x_wconf 87' lang='lat' dir='ltr'><strong>Utrumne</strong></span> <span class='ocrx_word' id='word_1_66' title='bbox 341 1454 456 1513; x_wconf 89' lang='lat' dir='ltr'><strong>chartis</strong></span> <span class='ocrx_word' id='word_1_67' title='bbox 470 1453 567 1514; x_wconf 87' lang='lat' dir='ltr'><strong>tradit</strong></span> <span class='ocrx_word' id='word_1_68' title='bbox 582 1454 638 1515; x_wconf 90' lang='lat' dir='ltr'><strong>ille</strong></span> <span class='ocrx_word' id='word_1_69' title='bbox 653 1455 781 1514; x_wconf 87' lang='lat' dir='ltr'><strong>victuris</strong></span> 
     </span>
     <span class='ocr_line' id='line_1_14' title="bbox 170 1536 863 1620; baseline 0.001 -24"><span class='ocrx_word' id='word_1_70' title='bbox 170 1536 318 1616; x_wconf 82' lang='lat' dir='ltr'><strong>Legenda</strong></span> <span class='ocrx_word' id='word_1_71' title='bbox 332 1544 506 1620; x_wconf 82' lang='lat' dir='ltr'><strong>temporum</strong></span> <span class='ocrx_word' id='word_1_72' title='bbox 523 1544 590 1598; x_wconf 90' lang='lat' dir='ltr'><strong>acta</strong></span> <span class='ocrx_word' id='word_1_73' title='bbox 604 1537 863 1600; x_wconf 73' lang='lat' dir='ltr'><strong>Claudianorum?</strong></span> 
     </span>
     <span class='ocr_line' id='line_1_15' title="bbox 170 1620 853 1702; baseline 0.001 -22"><span class='ocrx_word' id='word_1_74' title='bbox 170 1620 220 1680; x_wconf 86' lang='lat' dir='ltr'><strong>An</strong></span> <span class='ocrx_word' id='word_1_75' title='bbox 236 1640 314 1700; x_wconf 86' lang='lat' dir='ltr'><strong>quae</strong></span> <span class='ocrx_word' id='word_1_76' title='bbox 327 1622 445 1682; x_wconf 88' lang='lat' dir='ltr'><strong>Neroni</strong></span> <span class='ocrx_word' id='word_1_77' title='bbox 459 1622 554 1683; x_wconf 77' lang='lat' dir='ltr'><strong>falsus</strong></span> <span class='ocrx_word' id='word_1_78' title='bbox 569 1623 680 1683; x_wconf 79' lang='lat' dir='ltr'><strong>astruit</strong></span> <span class='ocrx_word' id='word_1_79' title='bbox 695 1622 853 1702; x_wconf 72' lang='lat' dir='ltr'><strong>scriptor?</strong></span> 
     </span>
     <span class='ocr_line' id='line_1_16' title="bbox 60 1704 827 1786; baseline 0 -20"><span class='ocrx_word' id='word_1_80' title='bbox 60 1730 66 1736; x_wconf 93' lang='lat'><strong>·</strong></span> <span class='ocrx_word' id='word_1_81' title='bbox 148 1706 221 1766; x_wconf 84' lang='lat' dir='ltr'><strong>5An</strong></span> <span class='ocrx_word' id='word_1_82' title='bbox 236 1704 406 1766; x_wconf 85' lang='lat' dir='ltr'><strong>aemulatur</strong></span> <span class='ocrx_word' id='word_1_83' title='bbox 420 1707 554 1786; x_wconf 85' lang='lat' dir='ltr'><strong>improbi</strong></span> <span class='ocrx_word' id='word_1_84' title='bbox 567 1709 652 1766; x_wconf 90' lang='lat' dir='ltr'><strong>iocos</strong></span> <span class='ocrx_word' id='word_1_85' title='bbox 666 1705 827 1766; x_wconf 76' lang='lat' dir='ltr'><strong>Phaedri?</strong></span> 
     </span>
    </p>

    <p class='ocr_par' dir='ltr' id='par_1_7' title="bbox 170 1787 832 1867">
     <span class='ocr_line' id='line_1_17' title="bbox 170 1787 832 1867; baseline 0.003 -20"><span class='ocrx_word' id='word_1_86' title='bbox 170 1787 315 1849; x_wconf 87' lang='lat' dir='ltr'><strong>Lascivus</strong></span> <span class='ocrx_word' id='word_1_87' title='bbox 329 1787 428 1867; x_wconf 79' lang='lat' dir='ltr'><strong>elegia</strong></span> <span class='ocrx_word' id='word_1_88' title='bbox 444 1809 482 1848; x_wconf 88' lang='lat' dir='ltr'><strong>an</strong></span> <span class='ocrx_word' id='word_1_89' title='bbox 496 1808 622 1849; x_wconf 87' lang='lat' dir='ltr'><strong>severus</strong></span> <span class='ocrx_word' id='word_1_90' title='bbox 638 1790 768 1849; x_wconf 74' lang='lat' dir='ltr'><strong>herois?</strong></span> <span class='ocrx_word' id='word_1_91' title='bbox 831 1819 832 1822; x_wconf 37' lang='lat'>¹</span> 
     </span>
    </p>

    <p class='ocr_par' dir='ltr' id='par_1_8' title="bbox 169 1871 821 1953">
     <span class='ocr_line' id='line_1_18' title="bbox 169 1871 821 1953; baseline 0.002 -22"><span class='ocrx_word' id='word_1_92' title='bbox 169 1871 219 1932; x_wconf 82' lang='lat' dir='ltr'><strong>An</strong></span> <span class='ocrx_word' id='word_1_93' title='bbox 233 1873 266 1932; x_wconf 88' lang='lat' dir='ltr'><strong>iu</strong></span> <span class='ocrx_word' id='word_1_94' title='bbox 281 1873 440 1933; x_wconf 85' lang='lat' dir='ltr'><strong>cothurnis</strong></span> <span class='ocrx_word' id='word_1_95' title='bbox 454 1872 599 1933; x_wconf 90' lang='lat' dir='ltr'><strong>horridus</strong></span> <span class='ocrx_word' id='word_1_96' title='bbox 614 1871 821 1953; x_wconf 74' lang='lat' dir='ltr'><strong>Sophocleis?</strong></span> 
     </span>
    </p>

    <p class='ocr_par' dir='ltr' id='par_1_9' title="bbox 169 1954 694 2037">
     <span class='ocr_line' id='line_1_19' title="bbox 169 1954 694 2037; baseline 0.004 -22"><span class='ocrx_word' id='word_1_97' title='bbox 169 1957 219 2016; x_wconf 84' lang='lat' dir='ltr'><strong>An</strong></span> <span class='ocrx_word' id='word_1_98' title='bbox 235 1957 351 2016; x_wconf 87' lang='lat' dir='ltr'><strong>otiosus</strong></span> <span class='ocrx_word' id='word_1_99' title='bbox 366 1958 399 2015; x_wconf 89' lang='lat' dir='ltr'><strong>in</strong></span> <span class='ocrx_word' id='word_1_100' title='bbox 413 1954 520 2016; x_wconf 88' lang='lat' dir='ltr'><strong>schola</strong></span> <span class='ocrx_word' id='word_1_101' title='bbox 533 1963 694 2037; x_wconf 84' lang='lat' dir='ltr'><strong>poetarum</strong></span> 
     </span>
    </p>

    <p class='ocr_par' dir='ltr' id='par_1_10' title="bbox 127 2038 843 2206">
     <span class='ocr_line' id='line_1_20' title="bbox 168 2038 778 2120; baseline -0.002 -21"><span class='ocrx_word' id='word_1_102' title='bbox 168 2039 291 2120; x_wconf 88' lang='lat' dir='ltr'><strong>Lepore</strong></span> <span class='ocrx_word' id='word_1_103' title='bbox 305 2041 420 2101; x_wconf 86' lang='lat' dir='ltr'><strong>tinctos</strong></span> <span class='ocrx_word' id='word_1_104' title='bbox 436 2042 540 2101; x_wconf 84' lang='lat' dir='ltr'><strong>Attico</strong></span> <span class='ocrx_word' id='word_1_105' title='bbox 555 2038 637 2102; x_wconf 86' lang='lat' dir='ltr'><strong>sales</strong></span> <span class='ocrx_word' id='word_1_106' title='bbox 650 2040 778 2102; x_wconf 70' lang='lat' dir='ltr'><strong>narrati</strong></span> 
     </span>
     <span class='ocr_line' id='line_1_21' title="bbox 127 2122 843 2206; baseline -0.003 -21"><span class='ocrx_word' id='word_1_107' title='bbox 127 2123 248 2186; x_wconf 87' lang='lat' dir='ltr'><strong>10Hinc</strong></span> <span class='ocrx_word' id='word_1_108' title='bbox 264 2125 290 2184; x_wconf 80' lang='lat' dir='ltr'><strong>ai</strong></span> <span class='ocrx_word' id='word_1_109' title='bbox 304 2126 452 2204; x_wconf 88' lang='lat' dir='ltr'><strong>recessit,</strong></span> <span class='ocrx_word' id='word_1_110' title='bbox 474 2127 628 2206; x_wconf 90' lang='lat' dir='ltr'><strong>porticum</strong></span> <span class='ocrx_word' id='word_1_111' title='bbox 642 2127 719 2186; x_wconf 90' lang='lat' dir='ltr'><strong>terit</strong></span> <span class='ocrx_word' id='word_1_112' title='bbox 732 2122 843 2204; x_wconf 91' lang='lat' dir='ltr'><strong>templi</strong></span> 
     </span>
    </p>

    <p class='ocr_par' dir='ltr' id='par_1_11' title="bbox 167 2207 846 2291">
     <span class='ocr_line' id='line_1_22' title="bbox 167 2207 846 2291; baseline -0.003 -21"><span class='ocrx_word' id='word_1_113' title='bbox 167 2209 218 2270; x_wconf 86' lang='lat' dir='ltr'><strong>An</strong></span> <span class='ocrx_word' id='word_1_114' title='bbox 233 2210 330 2288; x_wconf 86' lang='lat' dir='ltr'><strong>spatia</strong></span> <span class='ocrx_word' id='word_1_115' title='bbox 346 2211 445 2291; x_wconf 89' lang='lat' dir='ltr'><strong>carpit</strong></span> <span class='ocrx_word' id='word_1_116' title='bbox 459 2208 564 2271; x_wconf 87' lang='lat' dir='ltr'><strong>lentus</strong></span> <span class='ocrx_word' id='word_1_117' title='bbox 577 2207 846 2289; x_wconf 72' lang='lat' dir='ltr'><strong>Argonautarum?</strong></span> 
     </span>
    </p>

    <p class='ocr_par' dir='ltr' id='par_1_12' title="bbox 169 2291 749 2375">
     <span class='ocr_line' id='line_1_23' title="bbox 169 2291 749 2375; baseline 0 -22"><span class='ocrx_word' id='word_1_118' title='bbox 169 2293 218 2353; x_wconf 83' lang='lat' dir='ltr'><strong>Au</strong></span> <span class='ocrx_word' id='word_1_119' title='bbox 234 2291 386 2354; x_wconf 93' lang='lat' dir='ltr'><strong>delicatae</strong></span> <span class='ocrx_word' id='word_1_120' title='bbox 402 2294 468 2355; x_wconf 89' lang='lat' dir='ltr'><strong>sole</strong></span> <span class='ocrx_word' id='word_1_121' title='bbox 483 2315 591 2355; x_wconf 89' lang='lat' dir='ltr'><strong>rursus</strong></span> <span class='ocrx_word' id='word_1_122' title='bbox 605 2297 749 2375; x_wconf 82' lang='lat' dir='ltr'><strong>Europae</strong></span> 
     </span>
    </p>

    <p class='ocr_par' dir='ltr' id='par_1_13' title="bbox 168 2377 919 2459">
     <span class='ocr_line' id='line_1_24' title="bbox 168 2377 919 2459; baseline 0 -22"><span class='ocrx_word' id='word_1_123' title='bbox 168 2377 254 2437; x_wconf 82' lang='lat' dir='ltr'><strong>luter</strong></span> <span class='ocrx_word' id='word_1_124' title='bbox 268 2384 413 2457; x_wconf 90' lang='lat' dir='ltr'><strong>tepentes</strong></span> <span class='ocrx_word' id='word_1_125' title='bbox 427 2386 499 2459; x_wconf 77' lang='lat' dir='ltr'><strong>post</strong></span> <span class='ocrx_word' id='word_1_126' title='bbox 517 2378 680 2440; x_wconf 90' lang='lat' dir='ltr'><strong>meridiem</strong></span> <span class='ocrx_word' id='word_1_127' title='bbox 694 2380 791 2438; x_wconf 85' lang='lat' dir='ltr'><strong>buxos</strong></span> <span class='ocrx_word' id='word_1_128' title='bbox 914 2395 919 2403; x_wconf 83' lang='lat'>&#39;</span> 
     </span>
    </p>

    <p class='ocr_par' dir='ltr' id='par_1_14' title="bbox 127 2459 809 2628">
     <span class='ocr_line' id='line_1_25' title="bbox 169 2459 809 2524; baseline -0.002 -3"><span class='ocrx_word' id='word_1_129' title='bbox 169 2459 268 2521; x_wconf 87' lang='lat' dir='ltr'><strong>Sedet</strong></span> <span class='ocrx_word' id='word_1_130' title='bbox 283 2462 453 2524; x_wconf 84' lang='lat' dir='ltr'><strong>ambulatve</strong></span> <span class='ocrx_word' id='word_1_131' title='bbox 468 2461 551 2523; x_wconf 89' lang='lat' dir='ltr'><strong>liber</strong></span> <span class='ocrx_word' id='word_1_132' title='bbox 567 2465 687 2524; x_wconf 90' lang='lat' dir='ltr'><strong>acribus</strong></span> <span class='ocrx_word' id='word_1_133' title='bbox 704 2460 809 2522; x_wconf 72' lang='lat' dir='ltr'><strong>curis?</strong></span> 
     </span>
     <span class='ocr_line' id='line_1_26' title="bbox 127 2545 779 2628; baseline 0 -22"><span class='ocrx_word' id='word_1_134' title='bbox 127 2554 160 2606; x_wconf 84' lang='lat'><strong>15</strong></span> <span class='ocrx_word' id='word_1_135' title='bbox 168 2545 274 2605; x_wconf 87' lang='lat' dir='ltr'><strong>Titine</strong></span> <span class='ocrx_word' id='word_1_136' title='bbox 290 2546 419 2606; x_wconf 77' lang='lat' dir='ltr'><strong>thermis</strong></span> <span class='ocrx_word' id='word_1_137' title='bbox 435 2566 473 2607; x_wconf 94' lang='lat' dir='ltr'><strong>an</strong></span> <span class='ocrx_word' id='word_1_138' title='bbox 487 2546 607 2607; x_wconf 81' lang='lat' dir='ltr'><strong>lavatur</strong></span> <span class='ocrx_word' id='word_1_139' title='bbox 622 2548 779 2628; x_wconf 82' lang='lat' dir='ltr'><strong>Agrippae</strong></span> 
     </span>
    </p>

    <p class='ocr_par' dir='ltr' id='par_1_15' title="bbox 168 2629 685 2710">
     <span class='ocr_line' id='line_1_27' title="bbox 168 2629 685 2710; baseline 0.002 -21"><span class='ocrx_word' id='word_1_140' title='bbox 168 2630 217 2689; x_wconf 84' lang='lat' dir='ltr'><strong>An</strong></span> <span class='ocrx_word' id='word_1_141' title='bbox 232 2629 380 2710; x_wconf 88' lang='lat' dir='ltr'><strong>impudici</strong></span> <span class='ocrx_word' id='word_1_142' title='bbox 393 2629 505 2691; x_wconf 85' lang='lat' dir='ltr'><strong>balneo</strong></span> <span class='ocrx_word' id='word_1_143' title='bbox 521 2630 685 2710; x_wconf 68' lang='lat' dir='ltr'><strong>Tigillini?</strong></span> 
     </span>
    </p>

    <p class='ocr_par' dir='ltr' id='par_1_16' title="bbox 169 2713 803 2795">
     <span class='ocr_line' id='line_1_28' title="bbox 169 2713 803 2795; baseline -0.002 -21"><span class='ocrx_word' id='word_1_144' title='bbox 169 2715 218 2774; x_wconf 89' lang='lat' dir='ltr'><strong>An</strong></span> <span class='ocrx_word' id='word_1_145' title='bbox 234 2733 308 2774; x_wconf 90' lang='lat' dir='ltr'><strong>rure</strong></span> <span class='ocrx_word' id='word_1_146' title='bbox 323 2713 413 2774; x_wconf 84' lang='lat' dir='ltr'><strong>Tulli</strong></span> <span class='ocrx_word' id='word_1_147' title='bbox 426 2717 541 2776; x_wconf 85' lang='lat' dir='ltr'><strong>fruitur</strong></span> <span class='ocrx_word' id='word_1_148' title='bbox 557 2722 649 2795; x_wconf 86' lang='lat' dir='ltr'><strong>atque</strong></span> <span class='ocrx_word' id='word_1_149' title='bbox 664 2714 803 2777; x_wconf 72' lang='lat' dir='ltr'><strong>Lucani?</strong></span> 
     </span>
    </p>

    <p class='ocr_par' dir='ltr' id='par_1_17' title="bbox 168 2797 824 2879">
     <span class='ocr_line' id='line_1_29' title="bbox 168 2797 824 2879; baseline -0.002 -21"><span class='ocrx_word' id='word_1_150' title='bbox 168 2799 218 2858; x_wconf 89' lang='lat' dir='ltr'><strong>An</strong></span> <span class='ocrx_word' id='word_1_151' title='bbox 232 2797 371 2860; x_wconf 90' lang='lat' dir='ltr'><strong>Polionis</strong></span> <span class='ocrx_word' id='word_1_152' title='bbox 387 2799 476 2860; x_wconf 91' lang='lat' dir='ltr'><strong>dulce</strong></span> <span class='ocrx_word' id='word_1_153' title='bbox 493 2801 591 2861; x_wconf 90' lang='lat' dir='ltr'><strong>currit</strong></span> <span class='ocrx_word' id='word_1_154' title='bbox 605 2800 644 2861; x_wconf 87' lang='lat' dir='ltr'><strong>ad</strong></span> <span class='ocrx_word' id='word_1_155' title='bbox 659 2798 824 2879; x_wconf 74' lang='lat' dir='ltr'><strong>quartum?</strong></span> 
     </span>
    </p>

    <p class='ocr_par' dir='ltr' id='par_1_18' title="bbox 126 2883 816 3046">
     <span class='ocr_line' id='line_1_30' title="bbox 168 2883 816 2965; baseline 0.002 -24"><span class='ocrx_word' id='word_1_156' title='bbox 168 2883 218 2942; x_wconf 88' lang='lat' dir='ltr'><strong>Au</strong></span> <span class='ocrx_word' id='word_1_157' title='bbox 235 2890 411 2944; x_wconf 87' lang='lat' dir='ltr'><strong>aestuantes</strong></span> <span class='ocrx_word' id='word_1_158' title='bbox 425 2887 484 2944; x_wconf 90' lang='lat' dir='ltr'><strong>iam</strong></span> <span class='ocrx_word' id='word_1_159' title='bbox 499 2885 659 2965; x_wconf 85' lang='lat' dir='ltr'><strong>profectus</strong></span> <span class='ocrx_word' id='word_1_160' title='bbox 675 2883 714 2944; x_wconf 97' lang='lat' dir='ltr'><strong>ad</strong></span> <span class='ocrx_word' id='word_1_161' title='bbox 728 2883 816 2942; x_wconf 86' lang='lat' dir='ltr'><strong>Baias</strong></span> 
     </span>
     <span class='ocr_line' id='line_1_31' title="bbox 126 2965 798 3046; baseline 0.001 -21"><span class='ocrx_word' id='word_1_162' title='bbox 126 2965 261 3044; x_wconf 81' lang='lat' dir='ltr'><strong>20Piger</strong></span> <span class='ocrx_word' id='word_1_163' title='bbox 274 2968 408 3028; x_wconf 87' lang='lat' dir='ltr'><strong>Lucrino</strong></span> <span class='ocrx_word' id='word_1_164' title='bbox 423 2966 605 3028; x_wconf 89' lang='lat' dir='ltr'><strong>nauculatur</strong></span> <span class='ocrx_word' id='word_1_165' title='bbox 618 2971 652 3028; x_wconf 90' lang='lat' dir='ltr'><strong>iu</strong></span> <span class='ocrx_word' id='word_1_166' title='bbox 666 2967 798 3046; x_wconf 75' lang='lat' dir='ltr'><strong>stagno?</strong></span> 
     </span>
    </p>

    <p class='ocr_par' dir='ltr' id='par_1_19' title="bbox 168 3048 907 3131">
     <span class='ocr_line' id='line_1_32' title="bbox 168 3048 907 3131; baseline -0.005 -18"><span class='ocrx_word' id='word_1_167' title='bbox 168 3050 247 3127; x_wconf 81' lang='lat' dir='ltr'><strong>„Vis</strong></span> <span class='ocrx_word' id='word_1_168' title='bbox 262 3052 343 3110; x_wconf 87' lang='lat' dir='ltr'><strong>scire</strong></span> <span class='ocrx_word' id='word_1_169' title='bbox 358 3050 433 3131; x_wconf 90' lang='lat' dir='ltr'><strong>quid</strong></span> <span class='ocrx_word' id='word_1_170' title='bbox 448 3056 518 3130; x_wconf 84' lang='lat' dir='ltr'><strong>agat</strong></span> <span class='ocrx_word' id='word_1_171' title='bbox 531 3051 644 3111; x_wconf 84' lang='lat' dir='ltr'><strong>Gauius</strong></span> <span class='ocrx_word' id='word_1_172' title='bbox 660 3052 753 3111; x_wconf 72' lang='lat' dir='ltr'><strong>tuus?</strong></span> <span class='ocrx_word' id='word_1_173' title='bbox 780 3048 907 3111; x_wconf 85' lang='lat' dir='ltr'><strong>Ridet.“</strong></span> 
     </span>
    </p>
   </div>
   <div class='ocr_carea' id='block_1_7' title="bbox 570 3184 651 3249">
    <p class='ocr_par' dir='ltr' id='par_1_20' title="bbox 570 3184 651 3249">
     <span class='ocr_line' id='line_1_33' title="bbox 570 3184 651 3249; baseline 0 -1"><span class='ocrx_word' id='word_1_174' title='bbox 570 3184 651 3249; x_wconf 84' lang='lat' dir='ltr'>XXI.</span> 
     </span>
    </p>
   </div>
   <div class='ocr_carea' id='block_1_8' title="bbox 169 3293 928 3454">
    <p class='ocr_par' dir='ltr' id='par_1_21' title="bbox 169 3293 928 3454">
     <span class='ocr_line' id='line_1_34' title="bbox 169 3293 928 3375; baseline 0.008 -23"><span class='ocrx_word' id='word_1_175' title='bbox 169 3293 382 3375; x_wconf 89' lang='lat' dir='ltr'><strong>Proscriptum</strong></span> <span class='ocrx_word' id='word_1_176' title='bbox 396 3295 528 3357; x_wconf 88' lang='lat' dir='ltr'><strong>famulus</strong></span> <span class='ocrx_word' id='word_1_177' title='bbox 543 3299 677 3358; x_wconf 86' lang='lat' dir='ltr'><strong>servavit</strong></span> <span class='ocrx_word' id='word_1_178' title='bbox 691 3297 797 3360; x_wconf 84' lang='lat' dir='ltr'><strong>fronte</strong></span> <span class='ocrx_word' id='word_1_179' title='bbox 813 3300 928 3358; x_wconf 78' lang='lat' dir='ltr'><strong>notata.</strong></span> 
     </span>
     <span class='ocr_line' id='line_1_35' title="bbox 208 3376 881 3454; baseline 0.015 -17"><span class='ocrx_word' id='word_1_180' title='bbox 208 3376 278 3438; x_wconf 91' lang='lat' dir='ltr'><strong>Nou</strong></span> <span class='ocrx_word' id='word_1_181' title='bbox 292 3379 353 3439; x_wconf 83' lang='lat' dir='ltr'><strong>fuit</strong></span> <span class='ocrx_word' id='word_1_182' title='bbox 367 3381 444 3441; x_wconf 88' lang='lat' dir='ltr'><strong>haec</strong></span> <span class='ocrx_word' id='word_1_183' title='bbox 459 3380 574 3442; x_wconf 91' lang='lat' dir='ltr'><strong>domiui</strong></span> <span class='ocrx_word' id='word_1_184' title='bbox 591 3384 668 3454; x_wconf 75' lang='lat' dir='ltr'><strong>vita,</strong></span> <span class='ocrx_word' id='word_1_185' title='bbox 689 3380 746 3443; x_wconf 85' lang='lat' dir='ltr'><strong>sed</strong></span> <span class='ocrx_word' id='word_1_186' title='bbox 760 3379 881 3446; x_wconf 83' lang='lat' dir='ltr'><strong>invidia.</strong></span> 
     </span>
    </p>
   </div>
   <div class='ocr_carea' id='block_1_9' title="bbox 0 0 1190 3924">
    <p class='ocr_par' dir='ltr' id='par_1_22' title="bbox 0 0 1190 3924">
     <span class='ocr_line' id='line_1_36' title="bbox 0 0 1190 3924; baseline 0 0"><span class='ocrx_word' id='word_1_187' title='bbox 0 0 1190 3924; x_wconf 95' lang='lat' dir='ltr'><strong> </strong></span> 
     </span>
    </p>
   </div>
  </div>
 </body>
</html>
