2370 3924
317 235 657 299 EPIGRAMMATON
670 240 744 303 LIB.
760 243 811 306 Vl.
1026 249 1088 314 143

126 389 212 471 „Sed
225 396 327 451 tamen
339 391 399 450 hoc
410 388 535 491 longum
547 391 627 453 est.“
648 392 737 454 Solet
748 395 807 456 Iroc
821 417 953 479 quoque,
972 401 1087 483 Tucca,

171 559 204 618 Si
220 558 365 618 breviora
377 472 663 638 prolldllndlsetlcha
678 561 743 622 sola
755 561 849 641 legas.

101 643 300 703 ollonveniat
314 642 423 720 nobis,
445 648 480 714 ut
493 643 539 702 fas
554 645 773 722 cpIgrammata
787 646 879 726 longa

169 725 218 786 Sit
230 726 366 786 transtro
381 726 457 805 tibi,
478 728 634 806 scribere,
657 728 777 810 Tucca,
798 733 882 793 mth.

512 859 619 925 LXVI.

125 977 239 1038 Famae
257 998 320 1039 non
335 978 461 1039 nimium
476 978 575 1038 bonae
591 977 743 1058 puellam,

127 1061 240 1137 Quales
255 1063 288 1122 In
302 1060 404 1122 media
418 1060 530 1122 sedent
545 1063 681 1140 Subura,

125 1144 291 1206 Vendebat
307 1146 398 1206 modo
412 1164 526 1226 praeco
543 1144 712 1208 Gellianus.

125 1228 224 1290 Parvo
239 1249 308 1290 cum
320 1231 423 1311 pretio
439 1228 491 1290 diu
504 1229 654 1309 licerent,

101 1313 203 1374 olium
218 1333 326 1394 puram
341 1315 426 1395 cupit
441 1315 614 1394 approbare
629 1316 764 1393 cunctis,

124 1399 263 1458 Attraxit
276 1416 375 1478 prope
390 1416 424 1458 se
438 1417 529 1458 manu
543 1405 707 1477 negantem

123 1481 165 1542 Et
178 1483 227 1542 his
244 1487 356 1562 terque
372 1488 542 1561 quaterque
556 1483 694 1544 basiavit.

125 1565 207 1641 Quid
220 1566 393 1645 profecerit
405 1563 528 1643 osculo,
549 1567 707 1646 requiris?

125 1649 294 1711 Sescentos
308 1649 399 1711 modo
415 1651 467 1729 qui
483 1648 590 1728 dabat,
612 1651 745 1730 negavIt.

502 1784 620 1848 LXVII.

124 1898 190 1957 Cur
204 1903 322 1957 tantum
334 1897 490 1956 eunuchos
505 1898 619 1957 haheat
633 1904 685 1956 tua
700 1894 821 1975 Caelia,
845 1897 984 1976 quaeris,

167 1981 358 2060 Pannyche‘l
381 1978 446 2040 vult
460 1981 541 2041 futui
556 1979 680 2060 (laelio,
702 1998 761 2041 nec
774 1997 896 2063 parere.

496 2115 629 2180 LXVIII.

118 2225 215 2287 Flete
230 2226 318 2285 nefas
334 2218 486 2301 vestrum,
509 2226 566 2286 sed
581 2233 647 2287 toto
662 2229 737 2288 flete
751 2226 904 2306 Lucrino,

166 2307 299 2389 Naides,
320 2317 353 2370 et
366 2309 468 2371 luctus
484 2311 599 2371 sentiat
611 2313 679 2391 ipsu
694 2311 816 2371 Thetis.

120 2395 211 2456 Inter
224 2395 353 2454 Ilaianas
367 2403 474 2476 raptus
490 2413 570 2476 puer
585 2395 700 2456 occidit
714 2393 812 2455 undas

163 2479 325 2558 Eutychus
338 2477 412 2557 Ille,
434 2487 536 2558 tuum,
559 2479 716 2559 (lustrico,
737 2478 828 2539 dulce
843 2478 932 2540 latus.

75 2563 108 2616 5
121 2563 185 2622 Hic
201 2563 259 2623 tihi
274 2582 415 2623 curarum
431 2565 532 2623 socius
547 2562 756 2643 blandumque
770 2562 929 2640 levamen,

163 2647 225 2706 Hic
240 2667 341 2725 umor,
360 2648 411 2707 hic
425 2649 525 2708 nostri
541 2650 617 2708 vatis
631 2647 737 2709 Alexis
753 2654 829 2709 erat.

117 2730 278 2810 Numquid
292 2738 324 2791 te
338 2733 447 2792 vitreis
460 2730 576 2791 nudum
589 2731 702 2791 lasciva
716 2732 772 2791 sulr
789 2731 879 2791 undis

165 2813 256 2876 Vidit
268 2822 301 2875 et
317 2814 448 2875 Alcidae
462 2816 596 2894 nympha
609 2816 731 2875 remisit
745 2812 870 2893 Hylan?

120 2900 171 2958 An
187 2898 245 2958 dea
259 2899 426 2959 femineum
441 2899 501 2958 iam
514 2897 646 2978 negligit
658 2896 954 2982 Hermaphroditum

74 2981 103 3032 3
164 2982 318 3064 Amplexu
332 2985 434 3044 teneri
452 2980 619 3045 sollicitata
634 2983 715 3045 viril

122 3065 281 3146 Quidquid
294 3067 328 3128 id
343 3076 405 3147 est,
428 3068 547 3128 subitae
563 3087 764 3149 quaecunque
779 3072 827 3128 est
841 3085 931 3127 causa
944 3066 1080 3147 rapinae,

164 3151 229 3230 Sit,
250 3171 380 3233 precor,
402 3158 435 3212 et
453 3151 548 3212 tellus
563 3154 646 3214 mitis
662 3159 695 3213 et
709 3152 791 3213 unda
805 3153 871 3213 tibi.

505 3287 611 3348 LXIX.

120 3398 190 3459 Non
204 3401 319 3478 miror,
342 3399 425 3480 quod
439 3408 527 3482 potat
542 3421 649 3480 aquam
660 3408 713 3461 tua
727 3403 835 3481 Bassa,
858 3398 995 3463 catullo:

165 3483 283 3564 Miror,
306 3484 389 3563 quod
402 3487 489 3547 Bassi
503 3484 567 3546 fllia
582 3491 669 3566 potat
684 3505 799 3566 aquam.
