2370 3924
394 639 439 712 Μ.
469 594 572 711 vsu.
601 609 855 715 nanninus

306 802 990 905 llldbllllllibll

507 1012 532 1072 L
544 1013 592 1072 Ill
605 1012 671 1072 llll
697 1011 732 1073 ll.

335 1147 408 1219 Vol.
426 1147 582 1208 Martialis
598 1147 737 1208 Deciano
752 1143 817 1207 Suo
831 1145 900 1208 Sal.
995 1208 998 1212 .

228 1238 337 1358 „lluid
356 1277 467 1339 nobls“
488 1278 590 1354 inquis
617 1297 708 1356 „cnm
728 1276 883 1358 epistola?
910 1297 1060 1359 parumne
1086 1281 1143 1341 tibi

140 1368 348 1443 praestamus,
385 1363 411 1423 si
438 1359 570 1440 legimus
597 1362 837 1441 epigrammata?
869 1361 944 1440 qnid
968 1363 1021 1423 hie
1047 1383 1143 1444 porro

143 1445 280 1507 dicturus
305 1466 356 1525 es,
392 1445 475 1525 quod
495 1464 558 1505 non
586 1447 685 1526 possis
706 1447 846 1506 versibus
867 1445 997 1506 dicere?
1038 1445 1141 1511 Video

143 1550 238 1610 qnare
253 1530 395 1610 tragoedi
419 1537 510 1609 atque
534 1530 674 1590 comoedi
693 1527 856 1610 epistolam
872 1530 1042 1611 accipiant,
1075 1532 1141 1611 qui-

121 1615 200 1675 bbus
221 1636 278 1696 pro
303 1634 336 1676 se
359 1615 446 1693 loqui
470 1634 532 1674 non
556 1612 647 1674 licet:
680 1615 899 1694 epigrammata
926 1613 1054 1674 curione
1080 1633 1141 1675 non

143 1708 237 1776 egent
258 1704 291 1758 et
311 1703 457 1759 contenta
479 1703 551 1756 sunt
570 1717 623 1758 sna
636 1696 747 1775 lingna.
783 1697 817 1757 ln
832 1715 1014 1777 quacunque
1031 1699 1141 1779 pagina

141 1783 239 1842 visum
254 1788 317 1859 est,
345 1779 507 1861 epistolam
520 1780 645 1855 faciunt.
678 1778 751 1841 Noli
766 1799 858 1860 ergo,
885 1781 912 1840 si
930 1782 988 1841 tibi
1007 1779 1142 1860 violetur,

140 1884 208 1925 rem
228 1865 334 1925 lacere
356 1862 517 1924 ridiculam
538 1869 571 1924 et
592 1865 624 1923 in
643 1870 715 1944 toga
731 1865 855 1926 saltanti
869 1862 1019 1925 inducere
1032 1883 1141 1946 perso·

59 2006 77 2033 ,
140 1968 219 2009 nam.
263 1949 404 2026 Denique
425 1946 557 2025 videris,
587 1967 625 2008 an
644 1955 677 2010 te
692 1947 832 2009 delectet
856 1954 964 2008 contra
979 1950 1141 2011 retiarium

99 2031 250 2094 lofernla.
292 2033 359 2110 Ego
380 2033 463 2093 inter
483 2030 558 2092 illos
585 2031 680 2094 sedeo
703 2034 754 2113 qui
776 2033 918 2112 protinus
939 2031 1141 2095 reclamant.“

140 2117 219 2176 Puto
234 2135 283 2177 me
298 2115 442 2195 hercule,
464 2117 615 2196 Deciano,
641 2109 748 2178 serum
769 2116 854 2178 dicis.
889 2114 987 2195 Quid,
1009 2117 1036 2177 si
1051 2118 1141 2194 scias,

141 2220 209 2260 cnm
231 2220 289 2280 qua
309 2206 342 2261 et
363 2221 451 2279 qnam
470 2199 563 2279 longa
584 2200 715 2282 epistola
729 2201 886 2279 negotium
904 2201 1003 2260 fueris
1019 2200 1142 2261 habitu-

139 2285 215 2344 rus?
256 2284 363 2363 ltaque
387 2284 470 2363 quod
491 2285 587 2364 exigis
609 2287 671 2346 liat.
714 2285 880 2345 Debebunt
904 2285 962 2344 tibi
983 2285 1011 2343 si
1034 2285 1142 2363 quiin

139 2368 221 2427 bunc
240 2365 355 2427 librum
376 2367 560 2446 inciderint,
595 2368 678 2448 quod
704 2367 743 2428 ad
766 2368 896 2449 primam
916 2368 1058 2449 paginam
1080 2387 1143 2428 non

96 2448 215 2513 lolaasi
228 2451 422 2547 pervenient.

607 2534 628 2594 1.

182 2645 249 2705 Ter
264 2652 395 2725 centena
411 2643 536 2726 quidem
549 2652 676 2727 poteras
691 2647 908 2728 epigrammata
921 2646 1026 2726 ferre,

224 2728 287 2789 Sed
302 2732 370 2810 quis
385 2736 417 2791 te
433 2731 535 2791 ferret
547 2729 812 2812 perlegeretqne,
832 2728 939 2791 liberi

180 2815 223 2874 At
237 2834 317 2875 nunc
333 2816 482 2875 succincti
497 2832 575 2894 qnae
591 2816 653 2876 sint
668 2818 747 2877 bona
762 2813 847 2875 disce
861 2813 975 2875 libelli.

222 2898 291 2958 Hoc
306 2899 439 2978 primum
453 2903 515 2972 est,
538 2899 663 2958 brevior
679 2897 762 2977 qnod
778 2899 854 2958 mihi
869 2899 976 2967 charta
989 2897 1094 2979 perit3

157 2980 318 3058 5Deinde‚
342 2980 425 3060 qnod
438 2981 515 3041 baec
530 2999 589 3040 una
605 2983 728 3060 peragit
740 2980 887 3044 librarius
900 2984 995 3062 hora,

220 3062 286 3124 Nec
301 3070 418 3124 tanturn
435 3064 524 3142 nugis
539 3067 655 3125 serviet
666 3064 723 3126 ille
738 3067 834 3142 meis3
956 3096 958 3101 ·

179 3146 290 3208 Tertia
304 3166 355 3208 res
369 3148 446 3208 haee
462 3154 526 3225 est,
546 3147 628 3227 quod
647 3151 674 3209 si
688 3151 738 3210 cui
751 3150 835 3210 forte
849 3147 985 3230 legeris,

222 3231 271 3290 Sis
283 3229 360 3291 licet
374 3251 472 3312 usqne
487 3231 602 3311 malus,
624 3252 687 3314 non
703 3232 827 3294 odiosus
842 3235 915 3295 eris.

178 3313 227 3375 Te
243 3316 367 3375 conviva
379 3312 467 3394 leget
481 3316 575 3377 mixto
590 3311 777 3397 quincunce,
799 3315 856 3378 sed
870 3323 942 3378 ante

139 3407 171 3461 lo
218 3398 348 3480 Incipiat
361 3397 480 3481 positus
497 3420 586 3479 qnam
600 3401 737 3482 tepuisse
754 3398 842 3463 calix.
