2370 3924
302 218 644 283 EPIGRAMMATDN
658 219 732 282 LIB.
749 221 814 284 Vll.
1020 217 1084 283 lto

122 372 249 456 Ecquid
263 374 415 434 femineos
430 372 588 450 sequeris,
610 378 764 451 matrona,
787 391 946 451 recessus,

169 461 380 536 Secretusque
395 462 471 534 tua,
488 474 603 533 cunne,
623 453 735 517 lavaris
750 458 850 535 aqua?

498 619 637 682 XXXVI.

125 732 337 814 Compluris·
351 732 567 811 madidumque
581 733 683 793 lovem
698 733 842 812 perferre
857 743 987 814 negaret

168 821 211 880 Et
225 817 311 878 rudis
325 818 465 878 hibernis
480 816 554 877 villa
568 820 691 877 nataret
706 819 809 896 aquis,

123 903 280 978 Plurima,
303 920 381 981 quae
395 907 502 982 posset
516 903 633 962 subitos
648 900 810 963 effundere
823 904 957 984 nimbos,

169 988 353 1048 Muneribus
367 988 453 1046 veuit
467 985 570 1065 tegula
584 988 676 1045 missa
689 986 760 1049 tuis.

98 1070 300 1150 5Horridus,
320 1088 409 1149 ecce,
432 1066 524 1130 souut'
534 1071 653 1130 Boreae
669 1068 805 1130 stridore
820 1070 1008 1133 December:
1059 1103 1062 1110 ·

169 1152 285 1233 Stella,
306 1155 386 1233 tegis
399 1152 520 1233 villam,
540 1175 603 1215 non
619 1155 700 1234 tegis
715 1152 889 1233 agricolam.

494 1318 645 1381 XXXVII.

122 1431 217 1493 Nosti
231 1431 425 1491 mortiferum
442 1432 630 1510 quaestoris,
654 1429 811 1506 castrice,
833 1430 973 1508 signum?

167 1516 227 1577 Est
242 1516 504 1596 operaepretium
520 1513 642 1574 discere
658 1515 745 1574 theta
758 1532 876 1572 novum.

124 1601 327 1679 Exprimeret
341 1601 485 1679 quotiens
499 1604 657 1659 rorantem
671 1599 790 1676 frigore
806 1615 927 1674 nasum,

167 1682 310 1744 Letalem
324 1682 420 1763 iuguli
434 1686 568 1743 iusserat
586 1701 655 1743 esse
671 1688 783 1743 notam.

98 1768 245 1847 5Turpis
259 1765 296 1827 ab
313 1768 412 1828 inviso
426 1767 584 1847 pendebat
598 1768 686 1827 stiria
700 1785 791 1842 uaso,

170 1853 247 1913 (lum
261 1853 354 1912 floret
367 1851 469 1912 media
483 1853 573 1912 fauce
588 1852 762 1913 December
777 1855 872 1910 atrox.

126 1934 277 2014 collegae
291 1943 422 1997 tenuere
435 1956 549 1997 manus.
580 1935 661 2013 Quid
675 1934 767 2016 plara
781 1933 938 2014 requiris?

169 2023 303 2100 Emungi
316 2021 447 2099 misero,
471 2021 627 2099 castrice,
649 2040 712 2080 non
725 2019 822 2081 licuit.

486 2144 651 2231 xxxam.

129 2284 250 2344 Tantus
268 2301 301 2343 es
315 2289 348 2343 et
364 2282 435 2343 talis
450 2283 566 2360 nostri,
588 2278 797 2361 Polypheme,
821 2279 945 2356 Severi,

171 2369 215 2430 Ut
229 2375 262 2428 te
277 2369 383 2427 mirari
398 2369 498 2448 possit
513 2367 627 2446 etipse
642 2363 784 2445 Cyclops.

129 2451 194 2514 Sed
208 2471 267 2512 uec
282 2450 387 2532 Scylla
401 2454 511 2514 minor.
543 2449 632 2528 Quod
647 2451 674 2509 si
687 2450 756 2510 fera
769 2454 907 2509 monstra
921 2445 1051 2506 duorum

171 2537 328 2616 innueris,
350 2535 479 2597 alterius
493 2537 549 2596 fiet
565 2542 697 2614 uterque
712 2536 814 2595 timor.

483 2682 632 2777 'xxxin

128 2799 292 2858 Discursus
306 2797 407 2857 varios
421 2813 590 2875 vagumque
603 2812 691 2854 mane

128 2884 171 2944 Et
185 2882 283 2941 fastus
299 2887 332 2940 et
346 2899 400 2941 ave
414 2881 626 2960 potentiorum

129 2967 207 3026 Cum
222 2966 367 3045 perferre
382 2966 509 3045 patique
524 2965 583 3024 iam
596 2966 741 3042 negaret,

129 3051 245 3129 Coepit
258 3050 378 3128 fingere
395 3048 519 3111 caelius
534 3047 710 3128 podagram.

100 3135 228 3211 5Quam
243 3133 313 3193 dum
327 3133 393 3195 volt
404 3135 494 3193 nimis
508 3134 680 3214 approbare
694 3148 798 3192 reram

126 3220 170 3279 Et
185 3237 272 3278 sanas
286 3217 357 3278 linit
372 3217 549 3297 obligatque
562 3217 683 3298 plantas

125 3302 310 3381 Inceditque
326 3301 423 3382 gradu
435 3302 606 3380 laborioso,

125 3420 173 3432 -
186 3387 339 3463 Quantum
354 3407 428 3447 cura
444 3393 549 3467 potest
564 3392 596 3446 et
610 3404 659 3445 ars
675 3382 807 3446 dolorisi
819 3411 862 3427 -·

125 3471 219 3533 Desit
233 3472 352 3550 lingere
369 3470 493 3534 caelius
506 3470 681 3552 podagram.
