2370 3924
318 220 809 288 nP1GRAMMATONL1u.V1.
1024 224 1086 288 139
1111 259 1119 273 ·

130 376 200 435 Hoc
214 372 254 435 de
267 370 395 453 palmite
410 372 542 432 laeseris
558 391 714 450 racemos,

89 459 300 535 loNasoetur,
316 455 393 517 lieet
406 457 466 517 hoc
481 455 557 516 velis
572 474 704 536 negare,

128 544 249 604 Inserta
262 541 319 602 tibi
333 542 409 601 ficus
424 561 441 600 a
457 558 614 620 cupressu.

551 687 587 750 L.

130 805 207 866 (ium
220 799 340 862 coleret
354 818 449 880 puros
462 818 582 879 pauper
597 799 763 862 Telesinus
779 802 909 884 amicos,

171 888 305 948 Errabat
318 881 421 963 gelida
433 882 576 944 sordidus
587 884 621 943 in
633 883 749 964 togula.
771 948 774 954 ,

130 971 290 1033 Obscenos
304 987 343 1029 ex
356 986 416 1046 quo
432 968 536 1046 coepit
551 986 660 1029 curare
676 968 837 1050 cinaedos,

172 1057 361 1134 Argentum,
383 1070 522 1125 mensus,
542 1050 671 1131 praedia
685 1051 768 1113 aolus
781 1057 866 1118 emit.

104 1139 184 1202 ovis
197 1139 270 1198 lieri
285 1135 387 1213 dives,
408 1135 588 1213 Bithynice,
612 1137 753 1197 conscius
767 1144 845 1202 esto.

169 1220 222 1284 Nil
236 1222 294 1282 tibi
307 1219 358 1281 vel
373 1220 530 1278 minimum
542 1219 627 1278 basia
642 1239 720 1300 pura
734 1219 859 1285 dabunt.

541 1380 589 1440 LI.

129 1494 221 1573 Quod
235 1493 404 1555 convivaris
419 1493 486 1554 sine
501 1512 550 1553 me
566 1497 628 1551 tam
644 1512 754 1574 saepe,
775 1494 936 1578 Luperco,

173 1580 296 1657 lnveni,
316 1595 444 1638 noceam
462 1596 522 1657 que
535 1576 657 1636 ratione
673 1578 741 1648 tibi.

128 1664 265 1741 Irascor,
285 1659 363 1722 licet
377 1680 475 1740 usque
489 1678 581 1721 voces
594 1660 760 1740 mittasque
779 1680 942 1744 rogesque.

171 1744 276 1826 „Quid
294 1745 435 1806 faoies?“
453 1745 566 1824 inquis.
599 1743 681 1821 Quid
694 1745 826 1806 iaciam‘l
848 1749 977 1811 venium.

537 1906 600 1968 Lll.

128 2021 198 2080 lloo
213 2018 295 2078 iacet
308 2018 341 2078 iu
355 2014 472 2077 tumulo
487 2022 594 2098 raptus
606 2017 778 2099 puerilibus
793 2023 880 2082 aunis

169 2101 394 2180 Pantagathus,
414 2100 530 2161 domini
544 2121 617 2161 eura
631 2099 783 2181 dolorque
798 2104 862 2183 sni,

129 2188 190 2250 vix
204 2190 353 2264 tangente
367 2203 459 2263 vagos
475 2184 562 2245 ferro
577 2203 722 2245 resecare
737 2185 866 2266 capillos

171 2271 288 2330 Doctus
305 2274 338 2328 et
350 2270 486 2330 hirsutas
500 2267 672 2328 excoluisse
687 2287 790 2348 genas.

90 2359 119 2411 5
130 2355 179 2415 Sis
194 2351 288 2430 licet,
310 2358 346 2412 ut
362 2351 475 2431 debes,
497 2350 607 2431 tellus,
629 2350 751 2433 placata
764 2351 922 2435 levisque,

170 2438 309 2498 Artificis
323 2435 422 2497 levior
435 2456 498 2496 non
513 2442 604 2517 potes
622 2454 692 2496 esse
706 2457 806 2500 manu.

525 2585 600 2645 Llll.

130 2700 225 2760 Lotus
237 2700 397 2761 nobiscum
412 2708 477 2778 est,
498 2699 608 2761 hilaris
623 2704 757 2781 cenavit,
780 2712 813 2765 et
825 2701 908 2765 idem

170 2784 315 2844 Inventus
330 2802 418 2843 mane
433 2791 482 2845 est
496 2791 635 2844 mortuns
650 2785 856 2864 Andragoras.

131 2867 207 2927 'lam
222 2869 342 2928 subitae
356 2870 465 2928 mortis
483 2887 619 2946 eausam,
640 2866 804 2948 Faustino,
825 2871 961 2950 requiris
969 2870 996 2935 i.

169 2952 336 3012 insomnis
350 2951 503 3012 medicum
517 2952 638 3013 viderat
651 2953 888 3018 Hermocraten.

527 3101 604 3164 LIV.

133 3210 247 3275 Tantos
264 3219 297 3275 et
315 3219 416 3276 tantas
434 3217 460 3274 ai
477 3215 582 3275 dicere
601 3213 820 3295 Sextilianum,

172 3297 271 3377 Aule,
292 3305 397 3377 vetes,
419 3301 527 3379 iunget
541 3300 590 3358 vix
606 3300 667 3359 tria
681 3301 776 3360 verba
792 3300 895 3361 miser.

134 3381 234 3458 „Quid
248 3382 308 3443 sibi
323 3382 435 3467 quitr‘
448 3384 560 3462 inquis.
589 3382 713 3462 Dicam,
736 3382 811 3462 quid
825 3386 966 3465 suspicer
980 3401 1066 3443 esse:

171 3467 289 3529 Tantos
306 3474 339 3529 et
352 3473 452 3528 tantas
467 3464 655 3528 Sextilianus
669 3473 757 3532 ornat.
