2370 3924
327 235 669 297 EPIGRAMMATON
683 238 756 301 LIB.
773 240 825 302 VI.
1041 242 1097 307 141

185 385 261 448 Odit
275 393 308 446 et
321 386 486 465 hibernos,
509 387 535 446 si
550 394 697 467 tepuere,
721 387 797 452 dies.

112 470 225 548 §Quid
238 470 347 530 fecero
360 468 434 529 mali
448 476 574 529 nostroe
588 472 662 550 tibi,
685 490 791 551 suove,
805 472 965 554 lacernae,

186 553 315 614 Tollere
331 552 371 613 de
386 555 519 633 scapulis
535 573 610 632 quus
624 553 703 614 levis
712 576 793 616 -ruru
804 560 931 636 potest?

142 640 264 715 Quanto
281 639 337 697 sisu
360 635 468 715 lictus,
491 645 604 716 quanto
620 645 669 699 est
682 640 843 700 humanius
857 639 938 702 illud

182 722 295 783 Meusc
308 657 360 781 vell
374 721 512 800 Augusto
529 741 651 783 sumere
668 726 871 804 gausapiuos?
944 687 954 722 ²

549 856 614 918 LX.

139 957 217 1016 Rem
231 956 346 1015 fuctum
360 952 539 1034 Pompullus
554 955 665 1034 hebet,
687 956 850 1017 Faustme:
871 956 995 1036 legetur

181 1041 223 1102 Et
235 1057 349 1098 nomen
362 1043 429 1097 toto
444 1045 569 1118 sparget
586 1041 618 1099 in
636 1041 712 1099 orbe
726 1059 821 1101 suum.

140 1124 192 1185 sic
206 1121 278 1183 leve
292 1124 439 1183 flavorum
454 1122 554 1182 voleat
568 1142 665 1202 genus
680 1124 860 1203 Usiporum,

182 1208 328 1286 Quisquis
343 1214 377 1267 et
391 1207 560 1266 Ausonium
574 1227 637 1267 nou
651 1214 731 1268 amat
744 1209 917 1288 imperium.

112 1291 301 1370 olugeuiosu
314 1296 420 1351 tomen
432 1289 590 1371 Pompulli
604 1293 721 1373 scriptu
734 1291 894 1353 feruntur:

181 1374 245 1436 Sed
258 1376 358 1435 Ismuc
372 1394 435 1434 nou
451 1380 499 1434 est
516 1376 592 1453 hoc,
614 1377 689 1436 mihi
707 1375 819 1454 crede,
840 1377 923 1438 setis.

139 1461 236 1538 Quam
250 1457 338 1519 multi
353 1460 453 1519 tineus
468 1466 598 1540 pascunt
609 1459 783 1539 blattasque
799 1459 926 1537 diserti,

179 1545 222 1604 Et
236 1542 392 1604 redimunt
406 1541 466 1602 soli
483 1545 618 1603 carmina
636 1541 726 1604 doctu
741 1545 823 1604 cocil

137 1629 251 1690 Nescio
266 1626 341 1706 quid
358 1625 429 1707 plus
443 1634 508 1704 est,
531 1627 614 1707 quod
629 1625 724 1687 doust
738 1626 860 1688 soeculo
876 1626 1008 1688 chortis:

98 1721 132 1773 10
178 1711 326 1774 Victurus
340 1711 474 1772 Genium
489 1710 584 1772 debet
597 1711 715 1772 habere
731 1709 823 1772 liber.

543 1845 618 1906 LXI.

136 1941 273 2021 Luudct,
295 1947 392 2020 umet,
414 1947 516 2003 cuntot
529 1949 654 2004 nostros
668 1963 736 2004 meu
748 1944 845 2005 Romu
862 1941 1008 2023 libellos,
1045 1954 1052 1995 l

177 2027 295 2107 Meque
310 2027 395 2086 sinus
410 2028 523 2107 omnis,
544 2046 593 2088 me
608 2048 715 2089 munus
730 2029 827 2089 omnis
841 2028 945 2089 hebet.

133 2110 219 2172 Ecce
239 2113 332 2170 rubet
347 2108 486 2190 quidam,
505 2111 619 2192 pellet,
642 2118 763 2192 stupet,
786 2113 913 2190 oscitet,
936 2111 1010 2173 odit.
1082 2118 1091 2127 ''

176 2195 247 2255 Hoc
261 2192 349 2254 volo:
371 2214 452 2255 nuuc
467 2197 556 2256 uobis
574 2197 709 2256 carmina
722 2201 829 2255 nostru
842 2193 978 2276 placent.

350 2344 354 2351 ’
416 2345 419 2350 ·
530 2328 621 2392 LXII.

124 2426 249 2487 Amisit
261 2435 352 2506 pater
366 2428 488 2486 unicum
504 2423 648 2486 Salanus:

125 2512 249 2572 (lessus
264 2511 391 2571 mittere
406 2530 550 2588 munera,
573 2509 735 2591 Oppiuue‘l

123 2594 223 2672 Heu,
245 2592 373 2655 crudele
387 2594 475 2654 nefas
488 2593 649 2674 mulacque
663 2594 794 2655 Porcue!

126 2679 233 2740 Cuius
248 2677 378 2740 volturis
392 2679 452 2739 hoc
468 2681 529 2740 erit
544 2678 697 2738 cadaver?

523 2811 628 2872 LXIII.

126 2912 204 2972 Scis
219 2917 253 2970 te
269 2913 403 2993 coptari,
425 2912 486 2972 scis
499 2912 580 2971 hunc
598 2911 650 2989 qui
667 2914 786 2988 captat,
809 2928 948 2988 uvarum,

174 2996 219 3055 Et
233 2996 293 3056 scis
309 2998 362 3074 qui
376 3002 494 3076 cuptot,
519 2993 609 3074 quid,
630 2995 787 3069 Marione,
810 2992 895 3057 velit.

127 3081 185 3140 'l'u
201 3089 304 3140 tamen
317 3081 400 3140 hunc
414 3079 528 3140 tubulis
542 3079 707 3158 heredem,
729 3077 842 3157 stulte,
864 3079 1016 3158 supremis

177 3163 295 3224 Scribis
312 3170 344 3225 et
363 3183 432 3225 esse
446 3171 500 3224 tuo
515 3166 577 3243 vis,
599 3165 736 3242 furiose,
757 3161 838 3224 loco.

82 3242 113 3296 5
132 3248 293 3327 „Munere
307 3268 417 3328 magna
430 3254 534 3309 tumen
548 3249 665 3308 misit.“
694 3247 759 3308 Sed
773 3247 858 3307 misit
871 3247 904 3306 in
915 3246 1022 3320 homo;

175 3333 219 3393 Et
232 3334 420 3413 piscatorem
435 3335 529 3415 piscis
546 3350 648 3393 umore
662 3331 790 3411 potest?

126 3417 248 3478 Hicine
265 3416 396 3479 deflebit
409 3437 484 3480 vero
500 3424 552 3478 tuu
565 3417 629 3476 fatu
645 3415 776 3476 dolore?

177 3501 211 3562 Si
227 3505 332 3583 cupis,
350 3509 385 3562 ut
396 3503 517 3584 ploret,
540 3501 613 3583 (les,
633 3501 797 3581 Muriuue,
810 3496 907 3562 uim
