2370 3924
44 288 51 299 .
92 229 157 296 304
414 227 459 290 Μ.
474 226 568 289 VAL.
583 225 810 287 MARTIALIS

528 427 694 510 axxnv.

176 542 356 621 Nolueram,
378 539 551 621 Polytime,
571 547 641 600 tuos
655 539 773 601 violare
787 539 933 622 capillos,

220 625 283 688 Sed
296 628 379 686 iuvat
394 625 455 684 hoc
467 625 613 704 precibus
628 643 678 684 me
691 625 841 686 tribuisse
855 626 926 687 tuis.

180 709 266 771 'l'alis
281 729 367 787 eras,
390 706 481 768 modo
496 714 587 768 tonse
600 707 733 788 Pelops,
752 710 926 789 posifisque
942 711 1060 773 nitebas

221 795 385 871 crinibus,
404 798 439 852 ut
452 797 551 852 totum
566 811 678 871 sponsa
691 790 815 852 videret
827 795 914 854 ebur.

537 917 689 982 LXXXV.

177 1031 402 1094 Paedieonibus
419 1051 454 1093 as
469 1032 557 1095 olere
574 1031 662 1094 dieis.

177 1119 246 1178 Hoc
261 1118 304 1195 si,
326 1118 406 1177 sient
422 1118 486 1196 ais,
505 1115 652 1194 Fabulle,
673 1121 861 1193 aeramen,

178 1199 259 1280 Quid
272 1208 307 1261 tu
321 1199 424 1261 aredis
438 1199 526 1262 olere
542 1199 747 1279 cunnssingisi

530 1333 698 1397 LXXXVI.

178 1447 321 1525 Triginta
334 1446 393 1507 tibi
407 1452 478 1506 sunt
490 1447 581 1526 pueri
592 1443 785 1524 totidemque
799 1442 939 1525 puellaez

218 1531 287 1591 Una
302 1536 366 1609 est,
384 1548 443 1590 nee
460 1531 559 1608 snrgIt
571 1528 716 1590 mentula.
745 1527 827 1606 Quid
839 1530 961 1591 faeles?

520 1662 699 1725 LXXXVII.

177 1780 230 1838 Bis
245 1779 336 1839 (lotia
351 1776 452 1839 soleas
466 1775 641 1858 perdidisse
656 1795 691 1835 se
707 1782 851 1855 questus‚'

178 1862 256 1922 Dum
268 1861 479 1941 negligentem
495 1860 580 1920 ducit
595 1858 634 1919 ad
647 1858 744 1940 pedes
757 1879 903 1940 vernam,

178 1947 239 2023 Qui
252 1945 336 2006 sulus
344 1947 430 2025 inopi
443 1950 542 2005 restat
557 1950 590 2004 et
603 1945 678 2004 Iaeit
691 1945 829 2022 turbam,

176 2031 369 2107 Excogitavit
381 2030 472 2089 humo
487 2047 578 2106 sagax
593 2034 625 2088 et
639 2033 772 2104 astutus,

156 2113 225 2175 aNe
239 2112 345 2173 faeere
357 2119 464 2194 posset
477 2111 539 2173 tale
554 2113 675 2192 saepius
690 2111 846 2172 damnum:

178 2196 370 2258 Excalciatus
384 2199 433 2258 ire
448 2198 551 2277 coepit
566 2195 604 2255 ad
620 2213 734 2256 cenam.
784 2218 787 2222 “

518 2329 709 2393 LXXXVIII.

178 2426 381 2506 Tongilianus
397 2429 492 2489 habet
504 2448 626 2488 nasum:
649 2429 729 2506 seio,
751 2446 814 2486 nun
827 2445 920 2506 nego.
958 2428 1028 2491 Sed
1041 2432 1097 2491 Iam

219 2510 272 2572 Nil
285 2520 411 2592 praeter
425 2531 530 2571 nasum
546 2511 747 2590 TnngIlianus
762 2512 866 2576 habet.

533 2637 697 2702 LXXXIX.

179 2731 268 2811 Quod
281 2731 349 2793 lana
363 2740 456 2814 eaput
470 2731 593 2814 alligas,
617 2736 768 2813 Charine,

177 2817 245 2878 Non
260 2837 349 2878 aures
363 2819 439 2897 tibi,
462 2817 519 2879 sed
534 2817 644 2879 dolent
662 2818 774 2899 capiIli.

574 2947 638 3008 XC.

178 3045 240 3104 Pro
255 3063 346 3122 sene,
369 3042 426 3104 sed
442 3043 542 3122 clare,
562 3050 665 3104 votum
678 3043 768 3104 Maro
783 3043 861 3103 fecit
874 3044 995 3119 amieo,

221 3127 280 3188 cui
294 3129 393 3207 grauis
409 3134 442 3188 et
455 3129 579 3190 fervens
592 3127 807 3189 hemitritaeus
821 3132 908 3205 erat,

179 3210 213 3270 Si
228 3211 349 3291 Stygias
365 3230 457 3290 aeger
471 3232 533 3272 nun
549 3218 633 3272 esset
645 3211 756 3271 missus
771 3209 811 3270 ad
824 3212 969 3292 umbras,

219 3295 263 3355 Ut
278 3294 406 3355 caderet
423 3315 531 3375 magno
546 3297 669 3356 victima
683 3301 770 3374 grata
783 3294 856 3359 Iovi.

157 3379 360 3458 scoeperuut
375 3387 489 3438 certam
505 3379 618 3441 medici
632 3377 788 3459 spondere
803 3377 945 3443 salutem.

218 3463 266 3522 Ne
280 3468 384 3522 votum
399 3461 513 3544 solvat,
533 3483 614 3524 nunc
629 3464 719 3525 Maro
734 3470 805 3524 vota
821 3462 906 3526 facit.
