2370 3924
342 231 836 299 EPIGRAMMATONLIB.1V.
1064 234 1106 300 85

150 388 213 452 Sed
227 391 287 450 iarn
303 388 639 466 causatio-barbamque
655 406 811 466 annosque
825 388 977 469 pilosque.

193 475 219 534 0
234 492 295 533 nox
311 491 400 550 quam
415 468 508 549 longa
524 489 574 549 es,
598 488 676 548 quae
690 471 767 531 facis
782 492 842 532 una
856 475 978 533 senem!

122 557 232 636 5Quid
245 576 302 616 noa
318 553 466 614 derideri
484 554 561 614 here
581 555 633 632 qui
647 573 741 634 puer,
763 555 876 636 Hylle,
897 558 999 636 fuisti,

190 642 248 701 Dic
262 641 368 718 nobie,
389 637 484 698 hodie
500 658 559 719 qua
575 638 695 697 ratione
713 638 761 698 vir
776 641 831 700 aa?

546 770 624 834 Vlll.

148 890 251 949 Prima
265 885 434 947 salutantes
453 889 545 962 atque
561 881 660 943 altera
675 885 810 946 conterit
822 885 915 965 hora,

188 973 325 1033 Exercet
337 987 446 1029 raucos
460 968 554 1028 tertia
569 966 755 1027 causidicos:

147 1057 182 1118 In
197 1056 334 1135 quintam
348 1053 449 1113 varios
464 1049 604 1113 extendit
618 1052 715 1111 Roma
726 1050 872 1130 labores,

190 1140 284 1200 Sexta
298 1134 506 1217 quicelmum,
528 1135 659 1215 septima
673 1135 834 1195 finirerit:
1058 1188 1062 1199 ,

123 1222 275 1287 5Suflicit
288 1222 322 1281 in
337 1240 447 1280 nonam
461 1218 569 1279 nitidis
585 1223 692 1278 octava
704 1216 885 1299 palaestris,
1056 1222 1061 1289 l

189 1308 323 1386 Imperat
338 1310 495 1364 extructos
510 1302 656 1380 frangere
670 1321 752 1361 nona
765 1308 865 1363 toror:
1057 1302 1062 1379 ’ζ
1107 1352 1116 1379 ἶ..

146 1392 233 1452 Hora
246 1387 424 1452 libellorum
444 1385 563 1447 decima
579 1390 643 1465 eat,
664 1386 843 1466 Eupheme,
865 1407 1019 1469 meorum,
1059 1388 1063 1441 ὲ

188 1475 358 1555 Temperat
372 1473 538 1534 ambrosiae
554 1489 622 1530 cum
636 1475 689 1529 tua
704 1489 777 1530 cura
791 1467 904 1552 dapes,

145 1560 187 1621 Et
201 1560 300 1619 bonus
316 1556 457 1617 notherio
470 1554 592 1615 laxatur
607 1558 735 1613 nectare
750 1554 865 1615 Caesar

96 1654 138 1708 10
185 1642 369 1721 Ingentique
384 1645 473 1700 tenet
488 1635 597 1718 pocula
612 1655 706 1716 parca
719 1656 818 1698 manu.
1047 1694 1051 1717 ι

145 1727 235 1787 Tunc
250 1724 379 1786 admitte
392 1725 495 1784 iocor:
518 1739 626 1800 gressa
644 1721 734 1780 timet
747 1722 796 1782 ire
809 1719 919 1783 licenti
1044 1724 1049 1795 ξ

186 1809 236 1870 Ad
249 1810 430 1870 matutinum
445 1811 551 1867 nostra
566 1802 678 1868 Thalia
692 1806 800 1868 Iovem.

555 1955 605 2015 IX.
692 2006 694 2011 .

145 2070 239 2131 Sotae
255 2067 319 2130 filia
336 2065 456 2146 clinici,
475 2066 622 2146 Fabulla,

143 2155 277 2214 Deserto
292 2154 434 2231 aequeris
449 2149 574 2232 Clytum
588 2152 699 2211 marito

142 2231 186 2299 Et
200 2237 344 2297 donaret
358 2254 452 2297 amaa:
476 2235 556 2314 ἔχεις
568 2227 710 2304 ἀσώτως.

561 2363 597 2423 Χ.

143 2482 223 2541 Dum
236 2499 332 2541 novus
346 2490 395 2540 est
409 2498 478 2540 rasa
492 2497 550 2539 nec
566 2478 665 2538 adhuc
681 2478 756 2538 mihi
770 2478 875 2538 fronte
890 2473 1033 2557 libellus,

186 2565 302 2643 Pagina
318 2561 391 2623 dum
405 2564 490 2642 tangi
504 2582 567 2623 non
580 2564 661 2623 bene
678 2563 760 2622 oicca
775 2563 882 2640 timet,

142 2647 157 2708 l
170 2666 249 2729 puer
265 2652 298 2707 et
313 2667 383 2708 caro
398 2647 507 2727 perfer
519 2644 590 2706 leve
605 2665 713 2706 munus
729 2647 841 2722 amico,

187 2729 376 2808 Qui'meruit
386 2749 482 2810 nugae
497 2732 614 2811 primus
629 2730 746 2789 habere
761 2746 853 2788 meae.
1045 2804 1048 2809 ,

118 2815 264 2894 50urre‚
286 2814 342 2876 sed
355 2815 543 2875 instructus:
562 2813 726 2873 comitetur
740 2811 857 2871 Punica
869 2808 985 2872 librum

185 2899 335 2980 Spongia:
357 2897 536 2958 muneribus
555 2897 699 2956 convenit
712 2892 768 2955 illa
783 2896 870 2959 meio.
953 2933 960 2938 -
1047 2892 1070 2969 J

140 2981 211 3044 Non
224 2989 355 3064 poaaunt
369 2988 493 3043 nostros
509 2978 641 3059 multae,
661 2980 827 3058 Faustino,
848 2974 962 3040 liturae
1047 2960 1098 3040 ³(

183 3064 359 3128 Emendare
376 3068 478 3128 iocos:
500 3085 561 3125 una
574 3062 669 3125 litura
681 3069 795 3145 potest.

551 3197 602 3258 xl.

142 3308 220 3368 Dum
234 3309 360 3368 nimium
374 3327 450 3368 vano
466 3310 650 3369 tumefactus
664 3310 788 3369 nomine
803 3309 919 3388 gaudee

182 3393 225 3454 lut
242 3391 441 3453 Saturninum
456 3399 488 3453 te
503 3393 601 3473 pudet
616 3411 702 3472 esse,
724 3395 836 3472 miser,

141 3476 236 3558 Impia
250 3478 415 3537 Parrhasia
430 3477 552 3537 movisti
566 3475 651 3538 bella
665 3479 721 3539 suh
734 3497 827 3558 urea,

1058 1050 1063 1085 1

1060 1100 1064 1167 i
