2370 3924
89 241 158 308 264
422 242 467 303 M.
484 241 577 304 VAL.
594 240 823 302 MAR'l'lALlS

559 394 669 458 XXXl.

177 508 293 567 Atreus
309 506 464 568 caecilius
485 508 712 568 cucurbitarum

177 591 230 652 Sic
244 590 316 652 illas
332 593 418 672 quasi
432 591 514 652 illios
530 591 706 671 Thyestae·

176 677 211 737 lu
225 682 331 756 partes
345 676 463 737 lacerat
477 683 623 755 secatque
638 673 733 737 mille.

177 761 278 821 Gustu
290 763 432 841 protinus
446 758 593 820 basecles
607 761 640 820 iu
654 760 737 840 ipso,

156 846 243 906 bllas
259 846 359 925 prima
372 844 458 905 leret
472 844 608 905 alterave
625 862 717 923 cena,

176 930 240 990 llas
258 947 335 989 ceua
348 930 406 989 tibi
420 931 516 990 tertia
529 934 670 1011 reponet.

177 1015 260 1073 Hinc
275 1031 361 1073 seras
375 1011 572 1093 epidipnidas
585 1012 724 1095 parabit,

177 1099 260 1157 Hinc
272 1099 373 1177 pistor
387 1098 487 1158 fatuas
502 1097 578 1158 facit
591 1095 768 1179 placentas,

177 1184 259 1243 Hinc
276 1189 310 1242 et
322 1180 509 1263 multiplices
525 1183 618 1242 struit
631 1179 763 1242 tabellas

137 1267 218 1329 1olet
233 1273 323 1327 notas
338 1266 513 1346 caryotidas
526 1267 676 1340 theatris3

178 1353 260 1412 Hinc
275 1352 340 1412 exit
352 1352 470 1411 varium
485 1370 559 1411 coco
577 1350 724 1428 minutal,

177 1437 220 1496 Ut
235 1435 354 1496 lentem
367 1437 499 1517 positam
513 1436 677 1515 fabamque
693 1435 817 1497 credas:

177 1518 306 1580 Boletos
317 1522 455 1580 imitatur
471 1527 504 1580 et
518 1519 672 1598 botellos,

177 1604 220 1664 Et
235 1603 361 1665 caudam
376 1606 458 1685 cybii
473 1607 648 1685 brevesque
667 1623 806 1666 maenas:

140 1688 258 1750 telliuc
273 1688 420 1775 cellarius
437 1691 597 1770 experitur
612 1696 712 1768 artes,

178 1775 221 1835 Ut
241 1772 354 1834 condat
368 1776 452 1835 vario
468 1775 556 1834 valer
573 1792 683 1854 sapore

177 1858 211 1918 lu
229 1864 317 1917 rutae
332 1857 441 1919 folium
458 1857 648 1940 Capelliana.

179 1943 231 2002 Sic
244 1941 356 2021 implet
370 1946 494 2020 gabatas
508 1943 767 2024 paropsidesque,

177 2027 220 2087 Et
234 2024 320 2085 leves
336 2026 472 2087 scutulas
487 2047 635 2107 cavasque
649 2026 764 2088 lauces.

135 2111 244 2172 20Hoc
259 2109 377 2171 lautum
390 2118 493 2190 vocat,
514 2114 574 2172 hoe
589 2120 677 2192 putat
690 2118 867 2191 venustum,

183 2197 280 2257 Unum
296 2215 415 2277 ponere
431 2196 558 2257 ferculis
575 2203 622 2256 tot
638 2214 744 2256 assem.

555 2331 677 2392 XXllll.

177 2428 243 2489 Nee
258 2437 330 2508 toga
345 2450 403 2490 nec
419 2433 506 2492 focus
523 2439 644 2491 estnec
661 2432 752 2491 tritus
769 2431 877 2491 cimice
891 2431 1007 2509 lectus,

219 2513 284 2574 Nec
300 2516 358 2576 tibi
374 2515 413 2574 de
425 2515 531 2575 bibula
546 2522 629 2575 sarta
641 2514 754 2595 palude
770 2523 875 2593 teges,

176 2597 242 2657 Nec
256 2617 335 2678 puer
351 2606 402 2659 aut
417 2602 539 2677 senior,
562 2599 647 2659 nulla
663 2606 712 2660 est
727 2598 838 2660 aneilla
855 2619 915 2661 uec
930 2601 1058 2661 iufauSr

219 2683 285 2743 Nec
301 2702 372 2744 sera
386 2703 445 2744 nec
463 2685 555 2745 clavis
570 2703 629 2743 uec
645 2686 728 2745 canis
744 2691 836 2764 atque
853 2686 942 2748 calix.

157 2766 229 2827 5Tu
246 2775 349 2828 tamen
366 2771 509 2848 allectas,
531 2770 662 2847 Nestor,
686 2767 748 2828 dici
764 2778 856 2848 atque
873 2769 974 2830 videri

219 2852 357 2933 Pauper,
380 2863 412 2916 et
427 2858 459 2915 iu
475 2853 591 2936 populo
608 2855 732 2933 quaeris
750 2855 866 2914 habere
881 2854 994 2915 locum.

176 2935 324 2997 Mentiris
338 2957 478 3017 vanoque
493 2941 550 2998 tibi
565 2938 715 2999 blandiris
730 2940 859 3001 honore.

217 3021 286 3079 Nou
302 3029 351 3082 cst
365 3029 548 3103 paupertas,
570 3023 700 3100 Nestor,
721 3023 838 3084 habere
853 3023 942 3086 nihil.

544 3158 679 3220 Xlllllll.

175 3255 303 3334 Saepius
320 3254 359 3315 ad
373 3256 502 3337 palmam
519 3260 665 3320 Prasiuus
681 3267 753 3340 post
769 3261 832 3320 fata
846 3259 979 3319 Neronis

216 3338 365 3400 Pervenit
380 3347 413 3400 et
429 3343 528 3403 victor
541 3346 679 3423 praemia
694 3344 784 3425 plura
798 3345 908 3404 refert.

172 3422 297 3500 lnuuc,
319 3422 400 3485 livor
417 3424 511 3505 edax,
534 3428 629 3488 dicte
646 3431 778 3489 cessisse
792 3429 927 3502 Neroui;

215 3508 300 3574 Vicit
314 3511 461 3572 nimirum
475 3530 540 3571 uou
552 3513 655 3592 Nero,
676 3513 733 3573 sed
747 3515 903 3573 Prasiuus.
