2370 3924
203 299 206 305 Ι
301 214 643 278 arroaaororarou
656 168 795 281 ιιιιιιι
940 186 1070 286 ’sos

110 369 173 430 Iam
190 366 370 448 paedagogo
382 366 533 427 liberatus
548 374 581 427 et
598 369 683 428 cuius

109 450 298 512 Refibulavit
311 450 469 528 turgidum
483 451 573 510 faber
586 470 715 530 penem:

108 536 195 595 Nutu
208 540 349 595 vocatum
364 533 465 614 ducis,
485 542 518 594 et
531 535 629 614 pudet
642 535 702 595 fari

110 619 297 696 Catoniana,
319 619 470 698 chresto,
494 617 578 697 quod
590 619 667 678 facia
681 617 792 697 lingua.

479 751 616 814 XXVIII.

107 863 207 925 Dulce
222 860 317 922 decus
332 879 459 939 scenae,
480 859 624 922 ludorum
638 862 733 940 fama,
750 861 879 923 Latinus

151 945 210 1006 Ille
224 963 282 1023 ego
298 964 381 1023 sum,
402 942 528 1025 plauaau
545 944 739 1024 deliciaeque
756 951 846 1023 tuae3

107 1032 169 1108 Qui
184 1034 393 1109 spectatorem
406 1030 495 1107 potui
508 1029 622 1090 seolsse
638 1029 803 1109 Catonem,

149 1111 279 1173 Solvere
299 1113 351 1190 qui
367 1113 478 1173 Curios
491 1111 715 1190 Fabriciosque
730 1131 846 1191 graves.
894 1112 897 1117 ’

80 1194 172 1257 aScu
185 1193 266 1256 nihil
280 1215 298 1254 a
311 1201 418 1254 nostro
434 1198 564 1274 sumpsit
577 1215 645 1256 mea
659 1196 723 1256 vita
736 1196 859 1260 theatro

148 1276 271 1340 luteola
285 1283 405 1338 tantum
419 1281 560 1339 scenicus
575 1285 642 1340 arte
657 1280 752 1341 leror.

104 1365 171 1424 Nec
184 1368 327 1443 poteram
341 1367 446 1440 gratus
462 1361 584 1423 domino
599 1365 667 1423 sine
681 1364 817 1423 moribus
832 1383 916 1426 esse:

146 1447 281 1507 Interius
295 1451 416 1505 mentes
430 1447 556 1526 Inspicit
569 1445 622 1506 ille
637 1447 723 1509 deus.

107 1531 174 1593 Vos
188 1548 238 1590 me
252 1528 403 1608 laurIgeri
418 1531 586 1609 parasitum
602 1528 696 1590 dicite
709 1529 846 1609 Phoebi,

62 1626 98 1678 10
147 1613 244 1679 Roma
258 1614 306 1673 sui
319 1611 467 1673 famulum
481 1613 553 1673 dum
570 1613 647 1672 aciat
661 1631 730 1673 esse
745 1613 833 1678 Iovis.

489 1753 599 1814 XXIX.

106 1867 236 1928 Saecula
249 1867 420 1926 Nestoreae
432 1884 613 1946 permensa,
634 1865 791 1946 Philaeni,
812 1878 976 1951 senectae,

147 1954 247 2033 Rapta
265 1969 300 2010 es
315 1949 354 2009 ad
367 1950 506 2011 infernas
520 1955 582 2010 tam
598 1951 659 2010 cito
673 1951 754 2011 Ditis
773 1954 891 2031 aquas?

105 2037 263 2097 Eubolcae
279 2032 415 2093 nondum
429 2034 611 2094 numerabas
623 2032 716 2112 longa
732 2034 872 2115 Sibyllae

151 2120 321 2199 Tempora:
343 2119 441 2176 maior
456 2123 525 2176 erat
538 2119 695 2177 mensibus
709 2117 765 2178 illa
778 2122 887 2182 tribus.

81 2204 178 2264 blleu
192 2220 271 2281 quae
283 2198 389 2279 lingua
404 2198 491 2259 silet!
513 2219 576 2259 non
590 2197 674 2260 illam
688 2200 775 2261 mille
789 2208 922 2263 catastae

148 2286 341 2361 Vinoebant,
363 2301 423 2343 neo
439 2301 517 2362 quae
532 2283 623 2342 turba
640 2283 770 2362 Sarapin
784 2291 879 2361 amat3

106 2371 171 2430 Nec
187 2367 330 2429 matutini
346 2368 461 2426 cirrata
476 2371 599 2425 caterva
614 2367 769 2445 magistri,

150 2453 215 2512 Nec
230 2469 309 2532 quae
324 2449 501 2529 Strymonio
518 2447 557 2510 de
573 2468 668 2529 grege
681 2450 749 2531 ripa
763 2458 860 2511 sonat.

108 2538 192 2612 Quae
199 2554 289 2621 'nune
305 2531 488 2594 Thessalico
502 2532 605 2594 lunam
620 2533 776 2596 deducere
793 2536 940 2616 rhombo,

63 2630 99 2682 10
148 2620 233 2695 Quae
247 2619 327 2678 sciet
340 2618 398 2678 hos
411 2617 482 2678 illos
498 2617 636 2679 vendere
650 2621 721 2680 lena
735 2620 845 2680 torosi

108 2703 157 2763 Sit
169 2704 229 2763 tihi
243 2708 330 2763 terra
345 2699 425 2762 Ievis
440 2700 590 2778 mollique
605 2704 721 2780 tegaris
735 2704 866 2781 harena,

149 2785 197 2846 Ne
211 2792 264 2847 tua
277 2805 339 2846 non
352 2787 474 2867 possInt
488 2803 600 2844 eruere
616 2804 685 2844 ossa
699 2804 801 2845 canes.

500 2917 595 2979 XXX.

107 3030 325 3112 Cappadocum
339 3033 438 3092 saevis
452 3033 604 3093 Antistius
620 3032 735 3094 occidit
750 3034 813 3093 oris

147 3115 303 3180 Rusticus.
332 3115 359 3177 0
373 3117 458 3176 tristi
473 3118 601 3177 crimine
615 3123 700 3178 terra
714 3115 844 3177 nocens!

106 3198 241 3259 Rettulit
255 3219 324 3260 ossa
339 3200 408 3259 sinu
422 3203 486 3261 cari
500 3202 627 3280 Nigrina
640 3203 744 3262 marIIi

151 3283 194 3343 Et
211 3289 321 3363 questa
335 3289 384 3343 est
398 3281 507 3363 longas
524 3305 586 3345 non
601 3286 674 3345 satis
689 3304 758 3345 esse
772 3287 853 3359 vias3

84 3367 249 3447 boumque
264 3365 354 3427 daret
366 3374 501 3428 sanctam
514 3366 658 3447 tumulis,
674 3371 784 3448 quibus
800 3367 934 3447 invidet,
947 3386 1064 3444 urnam,

150 3451 226 3514 Visa
242 3452 302 3512 sibi
316 3458 365 3512 est
378 3458 467 3533 rapto
484 3455 531 3512 bia
546 3452 668 3514 viduata
682 3455 758 3514 viro.
