2370 3924
91 215 157 280 216
416 208 464 272 bi.
480 207 574 272 vni.
588 205 814 269 MARTmms

567 409 660 473 LXV.

180 525 310 603 Alcide,
329 524 419 585 Latio
433 543 515 583 nune
531 521 724 601 agnoscende
740 523 896 605 Tonanti,

221 611 389 688 Postquam
402 605 531 687 pulchra
545 607 597 666 dei
612 607 754 667 Caesaris
769 628 824 668 ora
843 608 944 688 geris,

182 697 216 757 Si
227 695 285 756 tibi
300 700 374 754 tune
386 693 440 751 isti
455 689 557 751 voltus
570 691 754 770 habitusque
770 692 923 771 fuissent,

223 779 394 840 Cesserunt
407 775 546 834 manibus
561 793 630 834 eum
642 774 710 834 iera
723 782 861 835 monstra
876 776 954 838 tuin

160 861 329 940 tdrgolieo
343 856 489 919 i'amulum
503 877 565 917 nun
579 865 612 918 te
626 859 745 918 servire
758 866 891 938 tyranno

223 943 385 1007 Vidissent
398 947 508 1020 gentes
523 960 673 1020 saevaque
686 960 783 1021 regna
796 945 878 1023 pati,

183 1027 248 1091 Sed
261 1035 296 1088 tn
308 1027 452 1088 iussisses
465 1026 657 1104 Eurysthea,
677 1045 737 1085 nee
751 1028 811 1087 tibi
825 1025 919 1087 fullux

224 1114 385 1173 Portasset
398 1110 488 1171 Nessi
502 1107 623 1190 perfida
637 1109 717 1170 dona
730 1110 852 1173 Lichas.

183 1197 295 1260 Oetaei
309 1197 377 1255 sine
390 1194 463 1272 lege
479 1195 547 1271 rogi
561 1212 689 1254 securus
703 1192 821 1255 adisses

141 1296 177 1347 10
224 1282 316 1342 Astra
330 1276 428 1359 patris
442 1278 567 1356 summi,
589 1295 667 1355 quae
681 1279 739 1338 tibi
751 1297 853 1358 poena
870 1275 978 1355 dedit3

182 1364 282 1445 Lydia
295 1383 353 1424 nee
371 1363 512 1423 dominae
526 1362 674 1422 traxisses
687 1381 784 1442 pensa
801 1363 972 1443 superbae,

224 1449 290 1510 Nee
305 1449 400 1528 Styga
413 1445 543 1507 vidisses
558 1446 802 1524 Tartareumque
817 1465 935 1506 eunem.

184 1534 272 1596 Nune
288 1534 347 1594 tibi
363 1533 437 1594 iuno
451 1530 551 1607 iuret,
569 1549 650 1589 nune
665 1536 697 1589 te
713 1536 765 1590 tua
782 1529 886 1609 diligit
898 1531 1016 1608 Hebeq

227 1617 315 1679 Nune
329 1624 362 1678 te
377 1618 402 1676 si
417 1613 520 1674 rideat
531 1613 688 1695 Nympha,
708 1615 849 1674 remittet
863 1611 981 1694 Hylan.

572 1779 680 1843 LXVI.

184 1909 270 1969 Uxor
284 1925 352 1966 eum
366 1906 423 1965 tibi
439 1905 479 1965 sit
493 1906 643 1984 formosa,
664 1904 792 1984 pudiea,
813 1905 934 1985 puella,

229 1993 296 2067 Quo
311 1990 369 2050 tibi
383 1995 524 2049 natorum
539 1990 623 2066 iura,
644 1988 793 2067 Fabulle,
815 1989 933 2049 trium?

186 2074 275 2153 Quod
289 2075 370 2153 petis
384 2094 401 2132 a
415 2078 521 2133 nostro
537 2072 665 2154 supplex
680 2072 865 2152 dominoque
881 2072 1031 2155 deoque,

229 2160 278 2219 'l‘u
294 2157 380 2218 debis
397 2159 465 2237 ipse
480 2158 556 2235 tibi,
578 2158 604 2215 si
618 2163 708 2236 potes
724 2158 871 2236 arrigere.

562 2321 683 2383 LXVII.

185 2435 341 2494 Lascivum
357 2441 422 2495 totu
435 2434 562 2514 possedi
575 2440 668 2494 nocte
683 2432 833 2513 puellum,

228 2517 323 2577 Culus
338 2519 492 2595 nequitias
509 2518 635 2577 vincere
650 2516 736 2576 nulla
749 2521 864 2596 potest.

184 2599 299 2661 Fessus
313 2599 399 2660 mille
414 2600 513 2660 modis
528 2599 607 2659 illud
622 2600 746 2679 puerile
761 2601 904 2680 poposci:

226 2685 309 2744 Ante
323 2704 434 2765 preces
448 2692 529 2746 totus
543 2687 703 2765 primaque
719 2687 813 2744 verba
827 2682 923 2744 dedit.

162 2768 359 2848 blmprobius
373 2770 517 2850 quiddam
532 2769 700 2847 ridensque
714 2770 891 2847 rubensque
907 2768 1034 2846 rogari:

228 2852 373 2915 Pollicita
388 2863 438 2916 est
452 2855 535 2915 nullu
548 2854 704 2914 luxuriose
717 2873 811 2912 mora.

186 2934 250 2996 Sed
263 2940 339 2998 mihi
352 2959 429 3019 pura
443 2939 521 3012 fuit3
543 2939 600 2997 tibi
614 2957 676 2998 non
691 2939 770 3014 erit,
792 2933 966 3015 Aeschylet
988 2937 1016 2996 si
1032 2938 1099 3015 vis,

226 3021 344 3103 Aeeipe
360 3029 393 3082 et
407 3023 467 3081 hoe
481 3040 589 3081 munus
606 3020 783 3080 conditione
798 3017 887 3083 muln.
1088 3013 1092 3020 ’

554 3183 687 3245 LXVIII.

128 3276 135 3289 ⁹
185 3292 338 3374 Quidum
357 3295 515 3356 nobiseum
531 3304 597 3375 est,
617 3295 682 3357 ludi
697 3292 852 3357 scelerate
868 3293 1039 3376 magister,

225 3379 356 3438 Invisum
372 3380 478 3458 pueris
492 3381 722 3458 virginibusque
737 3380 850 3460 caput?

182 3460 325 3525 Nondum
340 3464 459 3524 cristati
474 3483 588 3544 rupere
603 3464 727 3524 silentia
742 3461 832 3542 gallir
