2370 3924
336 217 675 282 EPIGRAMMATON
688 218 763 282 LIB.
779 220 844 284 VII.
1050 223 1109 288 157

535 420 644 484 XXIX.

152 538 327 620 Thestyle,
349 540 484 604 Victoris
499 545 685 601 tormentum
703 539 794 601 dulce
810 542 947 624 Voconi,

197 624 264 702 Quo
279 643 370 684 nemo
387 630 436 684 est
451 630 517 684 tota
530 625 634 684 notior
648 627 726 686 urbe
740 644 835 706 puer,

151 708 206 769 Sic
219 710 314 769 etiarn
327 708 437 789 positia
452 708 605 768 formosus
620 727 723 768 amere
740 708 862 790 capillis

193 792 236 853 ut
249 790 372 872 placeat
386 793 448 852 vati
463 790 550 851 nulla
563 789 670 872 puella
684 800 757 869 tuo,

126 873 317 957 5PanIIsper
332 875 448 936 domini
462 874 569 936 doctos
583 895 699 956 sepone
715 875 857 956 libellos,

196 961 339 1022 Carmina
352 960 474 1022 Victori
488 959 560 1019 dum
572 957 642 1039 lego
658 981 751 1041 parva
764 967 828 1024 tuo.

149 1043 195 1106 ut
207 1044 387 1105 Maecenati
400 1043 491 1103 Maro
507 1063 575 1103 cum
590 1051 732 1105 cantaret
745 1043 874 1126 Alexin,

192 1127 273 1189 Nota
285 1134 390 1189 tamen
403 1127 502 1187 Marsi
515 1128 602 1188 fusca
616 1127 770 1190 Melaenis
783 1137 860 1191 erat.

541 1261 636 1323 XXX.

147 1373 211 1432 Das
224 1371 366 1451 Parthis,
388 1369 442 1433 das
457 1372 637 1453 Germanis,
659 1373 729 1452 das,
752 1373 873 1454 Caelia,
894 1375 1002 1456 Dacis,

79 1528 85 1537 ι
191 1456 256 1516 Nec
271 1455 403 1517 (lilicum
418 1459 540 1536 spernis
554 1456 831 1539 Cappadocumque
846 1465 949 1535 toroa;

145 1540 191 1601 ut
203 1540 263 1602 tibi
278 1538 318 1600 de
332 1539 445 1600 Pharia
459 1541 679 1621 Memphiticus
693 1544 771 1602 urbe
786 1543 906 1603 fututor

192 1623 337 1702 Navigat,
361 1645 378 1683 a
391 1626 495 1685 rubris
512 1632 545 1685 et
558 1628 647 1704 niger
662 1624 755 1686 Indus
769 1628 874 1705 aquis;

126 1706 217 1768 §Nec
229 1709 434 1768 recutitorum
448 1709 531 1788 fugis
544 1711 670 1788 inguina
684 1708 883 1789 ludaeorum,

190 1790 304 1852 Necte
319 1791 488 1855 Sarmatico
503 1794 617 1854 transit
631 1791 748 1855 Alanus
763 1813 853 1873 equo.
937 1819 941 1825 ·

146 1875 215 1952 Qua
230 1877 353 1936 ratione
367 1876 461 1957 facis,
483 1897 551 1937 cum
567 1880 609 1938 sis
622 1878 758 1938 Romana
772 1876 893 1959 puella,

190 1958 280 2036 Quod
293 1959 430 2020 Romana
443 1962 501 2022 tibi
513 1960 652 2022 mentula
667 1959 754 2022 nulla
766 1960 893 2042 placet?

530 2096 639 2158 XXXI.

146 2202 270 2264 Raucae
285 2206 403 2265 chortis
419 2225 490 2267 aves
505 2215 538 2268 et
552 2227 607 2267 ova
621 2214 752 2267 matrum

143 2287 188 2347 ut
200 2288 293 2347 flavas
307 2288 409 2349 medio
424 2310 539 2370 vapore
555 2291 665 2369 Chios,

144 2371 188 2430 Et
201 2371 300 2432 letum
316 2371 465 2451 querulae
479 2374 589 2435 rudem
605 2373 759 2454 capellae,

144 2453 211 2514 Nec
227 2456 288 2515 iam
303 2455 477 2536 frigoribus·
487 2477 579 2537 pares
595 2457 706 2538 olivas,

121 2538 189 2600 out
203 2559 311 2599 canum
325 2538 438 2619 gelidis
454 2538 521 2602 olus
535 2544 656 2623 pruinis

142 2622 192 2681 De
206 2629 314 2683 nostro
329 2625 389 2686 tibi
402 2628 494 2686 missa
508 2647 582 2687 rure
598 2626 722 2687 credis?

72 2737 76 2745 ·
144 2705 447 2788 oquam‚Regu1e,
470 2708 639 2788 diligenter
654 2711 756 2770 erras!
844 2763 850 2791 ,

142 2787 197 2849 Nil
212 2793 327 2871 nostrl,
349 2794 491 2873 nisime,
512 2794 619 2854 ferunt
633 2791 736 2872 agelli.
848 2824 854 2855 'r
870 2795 890 2849 'i

143 2872 304 2953 Quidquid
318 2877 428 2937 vilicus
445 2879 563 2938 Umber
579 2883 631 2938 aut
646 2877 797 2956 Galenus,
848 2886 856 2903 ”

98 2968 134 3020 10
141 2957 205 3017 Aut
220 2959 314 3019 Tusci
329 2962 387 3021 tibi
402 2960 568 3022 Tusculive
582 2963 723 3040 mittunt,

141 3041 273 3103 Antros
288 3063 441 3106 marmore
456 3049 552 3107 tertio
567 3053 721 3125 notatum,

138 3123 177 3186 Id
191 3131 257 3186 tota
275 3131 350 3189 mihi
364 3132 501 3191 noscitur
516 3133 643 3195 Subura.

518 3266 640 3328 XXXII.

136 3377 263 3457 Attice,
279 3379 430 3440 facundae
444 3400 574 3442 renovas
589 3385 642 3462 qui
656 3386 778 3446 nomina
792 3387 894 3465 gentis

180 3461 249 3523 Nec
263 3464 339 3524 sinis
351 3466 510 3545 ingentem
525 3469 710 3529 conticuisse
726 3468 865 3551 domum,
