<?xml version="1.0" encoding="UTF-8"?>
<!DOCTYPE html PUBLIC "-//W3C//DTD XHTML 1.0 Transitional//EN"
    "http://www.w3.org/TR/xhtml1/DTD/xhtml1-transitional.dtd">
<html xmlns="http://www.w3.org/1999/xhtml" xml:lang="en" lang="en">
 <head>
  <title>
</title>
<meta http-equiv="Content-Type" content="text/html;charset=utf-8" />
  <meta name='ocr-system' content='tesseract 3.04.00' />
  <meta name='ocr-capabilities' content='ocr_page ocr_carea ocr_par ocr_line ocrx_word'/>
</head>
<body>
  <div class='ocr_page' id='page_1' title='image "./epigrammatonlib02martgoog_0325.png"; bbox 0 0 2370 3924; ppageno 0'>
   <div class='ocr_carea' id='block_1_1' title="bbox 90 188 807 290">
    <p class='ocr_par' dir='ltr' id='par_1_1' title="bbox 90 188 807 290">
     <span class='ocr_line' id='line_1_1' title="bbox 90 188 807 290; baseline -0.004 0"><span class='ocrx_word' id='word_1_1' title='bbox 90 220 152 290; x_wconf 79' lang='lat' dir='ltr'>eoa</span> <span class='ocrx_word' id='word_1_2' title='bbox 413 188 807 287; x_wconf 78' lang='lat' dir='ltr'>uvaununumns</span> 
     </span>
    </p>
   </div>
   <div class='ocr_carea' id='block_1_2' title="bbox 135 375 857 1106">
    <p class='ocr_par' dir='ltr' id='par_1_2' title="bbox 135 375 857 1106">
     <span class='ocr_line' id='line_1_2' title="bbox 179 375 783 453; baseline 0.007 -17"><span class='ocrx_word' id='word_1_3' title='bbox 179 378 330 453; x_wconf 80' lang='lat' dir='ltr'>Quantum</span> <span class='ocrx_word' id='word_1_4' title='bbox 344 375 456 436; x_wconf 90' lang='lat' dir='ltr'>Lesbia</span> <span class='ocrx_word' id='word_1_5' title='bbox 472 397 533 436; x_wconf 93' lang='lat' dir='ltr'>non</span> <span class='ocrx_word' id='word_1_6' title='bbox 549 375 636 436; x_wconf 87' lang='lat' dir='ltr'><strong>dedit</strong></span> <span class='ocrx_word' id='word_1_7' title='bbox 651 375 783 440; x_wconf 86' lang='lat' dir='ltr'>Catullo.</span> 
     </span>
     <span class='ocr_line' id='line_1_3' title="bbox 176 458 622 539; baseline 0 -19"><span class='ocrx_word' id='word_1_8' title='bbox 176 461 224 520; x_wconf 76' lang='lat' dir='ltr'>&#39;l&#39;e</span> <span class='ocrx_word' id='word_1_9' title='bbox 237 461 348 520; x_wconf 76' lang='lat' dir='ltr'>vicinia</span> <span class='ocrx_word' id='word_1_10' title='bbox 361 466 441 536; x_wconf 89' lang='lat' dir='ltr'>tota,</span> <span class='ocrx_word' id='word_1_11' title='bbox 459 467 490 519; x_wconf 90' lang='lat' dir='ltr'>te</span> <span class='ocrx_word' id='word_1_12' title='bbox 504 458 622 539; x_wconf 87' lang='lat' dir='ltr'>pilosus</span> 
     </span>
     <span class='ocr_line' id='line_1_4' title="bbox 155 542 714 623; baseline -0.009 -19"><span class='ocrx_word' id='word_1_13' title='bbox 155 544 309 604; x_wconf 79' lang='lat' dir='ltr'>5Hircoso</span> <span class='ocrx_word' id='word_1_14' title='bbox 329 545 442 623; x_wconf 83' lang='lat' dir='ltr'><strong>premit</strong></span> <span class='ocrx_word' id='word_1_15' title='bbox 458 542 562 603; x_wconf 90' lang='lat' dir='ltr'>osculo</span> <span class='ocrx_word' id='word_1_16' title='bbox 580 543 714 603; x_wconf 86' lang='lat' dir='ltr'>colonus.</span> 
     </span>
     <span class='ocr_line' id='line_1_5' title="bbox 174 625 770 705; baseline -0.002 -18"><span class='ocrx_word' id='word_1_17' title='bbox 174 629 255 688; x_wconf 87' lang='lat' dir='ltr'>Hinc</span> <span class='ocrx_word' id='word_1_18' title='bbox 270 628 365 686; x_wconf 88' lang='lat' dir='ltr'>instat</span> <span class='ocrx_word' id='word_1_19' title='bbox 379 628 435 686; x_wconf 91' lang='lat' dir='ltr'>tibi</span> <span class='ocrx_word' id='word_1_20' title='bbox 451 633 570 705; x_wconf 83' lang='lat' dir='ltr'><strong>textor,</strong></span> <span class='ocrx_word' id='word_1_21' title='bbox 589 627 661 687; x_wconf 91' lang='lat' dir='ltr'>inde</span> <span class='ocrx_word' id='word_1_22' title='bbox 676 625 770 704; x_wconf 87' lang='lat' dir='ltr'>lullo,</span> 
     </span>
     <span class='ocr_line' id='line_1_6' title="bbox 174 709 704 790; baseline -0.002 -19"><span class='ocrx_word' id='word_1_23' title='bbox 174 712 255 771; x_wconf 90' lang='lat' dir='ltr'>Hinc</span> <span class='ocrx_word' id='word_1_24' title='bbox 270 715 356 771; x_wconf 89' lang='lat' dir='ltr'>sutor</span> <span class='ocrx_word' id='word_1_25' title='bbox 371 709 461 770; x_wconf 93' lang='lat' dir='ltr'>modo</span> <span class='ocrx_word' id='word_1_26' title='bbox 476 709 559 790; x_wconf 90' lang='lat' dir='ltr'>pelle</span> <span class='ocrx_word' id='word_1_27' title='bbox 575 713 704 788; x_wconf 79' lang='lat' dir='ltr'>basiola,</span> 
     </span>
     <span class='ocr_line' id='line_1_7' title="bbox 174 793 721 874; baseline 0.002 -21"><span class='ocrx_word' id='word_1_28' title='bbox 174 796 254 854; x_wconf 89' lang='lat' dir='ltr'>llinc</span> <span class='ocrx_word' id='word_1_29' title='bbox 269 795 365 854; x_wconf 91' lang='lat' dir='ltr'>menti</span> <span class='ocrx_word' id='word_1_30' title='bbox 379 793 519 854; x_wconf 88' lang='lat' dir='ltr'>domiuus</span> <span class='ocrx_word' id='word_1_31' title='bbox 533 793 721 874; x_wconf 89' lang='lat' dir='ltr'>pediculosi,</span> 
     </span>
     <span class='ocr_line' id='line_1_8' title="bbox 174 875 721 958; baseline 0 -20"><span class='ocrx_word' id='word_1_32' title='bbox 174 880 255 938; x_wconf 83' lang='lat' dir='ltr'>ilinc</span> <span class='ocrx_word' id='word_1_33' title='bbox 270 888 288 951; x_wconf 87' lang='lat'><em>†</em></span> <span class='ocrx_word' id='word_1_34' title='bbox 304 875 494 956; x_wconf 88' lang='lat' dir='ltr'>desioculus,</span> <span class='ocrx_word' id='word_1_35' title='bbox 517 877 590 938; x_wconf 91' lang='lat' dir='ltr'>inde</span> <span class='ocrx_word' id='word_1_36' title='bbox 603 876 721 958; x_wconf 84' lang='lat' dir='ltr'>lippus,</span> 
     </span>
     <span class='ocr_line' id='line_1_9' title="bbox 135 961 857 1041; baseline -0.001 -18"><span class='ocrx_word' id='word_1_37' title='bbox 135 961 370 1040; x_wconf 80' lang='lat' dir='ltr'>loFellatorque</span> <span class='ocrx_word' id='word_1_38' title='bbox 384 979 557 1041; x_wconf 79' lang='lat' dir='ltr'>recensque</span> <span class='ocrx_word' id='word_1_39' title='bbox 572 961 773 1041; x_wconf 85' lang='lat' dir='ltr'>cunnilingus.</span> <span class='ocrx_word' id='word_1_40' title='bbox 855 1026 857 1033; x_wconf 24' lang='lat' dir='ltr'><em>s</em></span> 
     </span>
     <span class='ocr_line' id='line_1_10' title="bbox 174 1044 681 1106; baseline 0.004 -2"><span class='ocrx_word' id='word_1_41' title='bbox 174 1046 235 1104; x_wconf 93' lang='lat' dir='ltr'>lam</span> <span class='ocrx_word' id='word_1_42' title='bbox 252 1047 330 1105; x_wconf 88' lang='lat' dir='ltr'>tanti</span> <span class='ocrx_word' id='word_1_43' title='bbox 344 1046 401 1106; x_wconf 88' lang='lat' dir='ltr'>tibi</span> <span class='ocrx_word' id='word_1_44' title='bbox 416 1065 478 1106; x_wconf 91' lang='lat' dir='ltr'>non</span> <span class='ocrx_word' id='word_1_45' title='bbox 492 1046 551 1106; x_wconf 88' lang='lat' dir='ltr'>fuit</span> <span class='ocrx_word' id='word_1_46' title='bbox 565 1044 681 1106; x_wconf 86' lang='lat' dir='ltr'>redire.</span> 
     </span>
    </p>
   </div>
   <div class='ocr_carea' id='block_1_3' title="bbox 578 1179 642 1242">
    <p class='ocr_par' dir='ltr' id='par_1_3' title="bbox 578 1179 642 1242">
     <span class='ocr_line' id='line_1_11' title="bbox 578 1179 642 1242; baseline 0.047 -3"><span class='ocrx_word' id='word_1_47' title='bbox 578 1179 642 1242; x_wconf 89' lang='lat' dir='ltr'>LX.</span> 
     </span>
    </p>
   </div>
   <div class='ocr_carea' id='block_1_4' title="bbox 152 1288 1038 1790">
    <p class='ocr_par' dir='ltr' id='par_1_4' title="bbox 152 1288 1038 1790">
     <span class='ocr_line' id='line_1_12' title="bbox 174 1288 1038 1374; baseline 0.005 -22"><span class='ocrx_word' id='word_1_48' title='bbox 174 1292 284 1353; x_wconf 88' lang='lat' dir='ltr'>Martis</span> <span class='ocrx_word' id='word_1_49' title='bbox 300 1288 420 1349; x_wconf 84' lang='lat' dir='ltr'>alumne</span> <span class='ocrx_word' id='word_1_50' title='bbox 435 1290 517 1366; x_wconf 85' lang='lat' dir='ltr'>dies,</span> <span class='ocrx_word' id='word_1_51' title='bbox 537 1310 658 1352; x_wconf 86' lang='lat' dir='ltr'>roseam</span> <span class='ocrx_word' id='word_1_52' title='bbox 674 1311 732 1370; x_wconf 92' lang='lat' dir='ltr'>quo</span> <span class='ocrx_word' id='word_1_53' title='bbox 747 1289 887 1371; x_wconf 86' lang='lat' dir='ltr'>lampada</span> <span class='ocrx_word' id='word_1_54' title='bbox 901 1294 1038 1374; x_wconf 87' lang='lat' dir='ltr'>primum</span> 
     </span>
     <span class='ocr_line' id='line_1_13' title="bbox 216 1373 812 1453; baseline -0.003 -17"><span class='ocrx_word' id='word_1_55' title='bbox 216 1377 388 1453; x_wconf 84' lang='lat' dir='ltr'>Magnaque</span> <span class='ocrx_word' id='word_1_56' title='bbox 402 1373 518 1435; x_wconf 91' lang='lat' dir='ltr'>siderei</span> <span class='ocrx_word' id='word_1_57' title='bbox 535 1374 663 1435; x_wconf 86' lang='lat' dir='ltr'>vidimus</span> <span class='ocrx_word' id='word_1_58' title='bbox 678 1395 732 1434; x_wconf 91' lang='lat' dir='ltr'>ora</span> <span class='ocrx_word' id='word_1_59' title='bbox 746 1373 812 1452; x_wconf 84' lang='lat' dir='ltr'>dci,</span> 
     </span>
     <span class='ocr_line' id='line_1_14' title="bbox 174 1456 910 1538; baseline 0 -19"><span class='ocrx_word' id='word_1_60' title='bbox 174 1460 207 1519; x_wconf 86' lang='lat' dir='ltr'>Si</span> <span class='ocrx_word' id='word_1_61' title='bbox 223 1467 254 1519; x_wconf 89' lang='lat' dir='ltr'>te</span> <span class='ocrx_word' id='word_1_62' title='bbox 270 1477 342 1518; x_wconf 82' lang='lat' dir='ltr'>rnre</span> <span class='ocrx_word' id='word_1_63' title='bbox 358 1456 419 1518; x_wconf 92' lang='lat' dir='ltr'>coli</span> <span class='ocrx_word' id='word_1_64' title='bbox 438 1458 614 1537; x_wconf 84' lang='lat' dir='ltr'>viridesque</span> <span class='ocrx_word' id='word_1_65' title='bbox 628 1458 758 1538; x_wconf 89' lang='lat' dir='ltr'>pudebit</span> <span class='ocrx_word' id='word_1_66' title='bbox 772 1458 810 1518; x_wconf 93' lang='lat' dir='ltr'>ad</span> <span class='ocrx_word' id='word_1_67' title='bbox 825 1479 910 1537; x_wconf 82' lang='lat' dir='ltr'>uras,</span> 
     </span>
     <span class='ocr_line' id='line_1_15' title="bbox 218 1541 860 1619; baseline 0 -17"><span class='ocrx_word' id='word_1_68' title='bbox 218 1543 277 1619; x_wconf 78' lang='lat' dir='ltr'>Qui</span> <span class='ocrx_word' id='word_1_69' title='bbox 292 1543 394 1601; x_wconf 80' lang='lat' dir='ltr'>lucras</span> <span class='ocrx_word' id='word_1_70' title='bbox 412 1541 499 1602; x_wconf 85' lang='lat' dir='ltr'>Latia</span> <span class='ocrx_word' id='word_1_71' title='bbox 515 1542 616 1602; x_wconf 88' lang='lat' dir='ltr'>cultus</span> <span class='ocrx_word' id='word_1_72' title='bbox 630 1545 663 1602; x_wconf 92' lang='lat' dir='ltr'>in</span> <span class='ocrx_word' id='word_1_73' title='bbox 676 1543 753 1602; x_wconf 88' lang='lat' dir='ltr'>urhe</span> <span class='ocrx_word' id='word_1_74' title='bbox 769 1544 860 1602; x_wconf 86' lang='lat' dir='ltr'>mihi:</span> 
     </span>
     <span class='ocr_line' id='line_1_16' title="bbox 152 1624 971 1708; baseline 0.002 -21"><span class='ocrx_word' id='word_1_75' title='bbox 152 1628 221 1688; x_wconf 72' lang='lat' dir='ltr'>olla</span> <span class='ocrx_word' id='word_1_76' title='bbox 233 1627 368 1702; x_wconf 77' lang='lat' dir='ltr'>veniam,</span> <span class='ocrx_word' id='word_1_77' title='bbox 391 1627 507 1686; x_wconf 86' lang='lat' dir='ltr'>servire</span> <span class='ocrx_word' id='word_1_78' title='bbox 522 1628 599 1686; x_wconf 92' lang='lat' dir='ltr'>meis</span> <span class='ocrx_word' id='word_1_79' title='bbox 615 1625 697 1706; x_wconf 93' lang='lat' dir='ltr'>quod</span> <span class='ocrx_word' id='word_1_80' title='bbox 711 1624 784 1686; x_wconf 90' lang='lat' dir='ltr'>nolo</span> <span class='ocrx_word' id='word_1_81' title='bbox 799 1625 971 1708; x_wconf 80' lang='lat' dir='ltr'>Kalendis,</span> 
     </span>
     <span class='ocr_line' id='line_1_17' title="bbox 216 1708 872 1790; baseline 0.002 -19"><span class='ocrx_word' id='word_1_82' title='bbox 216 1713 257 1772; x_wconf 83' lang='lat' dir='ltr'>Et</span> <span class='ocrx_word' id='word_1_83' title='bbox 273 1730 331 1790; x_wconf 92' lang='lat' dir='ltr'>qua</span> <span class='ocrx_word' id='word_1_84' title='bbox 349 1729 414 1770; x_wconf 80' lang='lat' dir='ltr'>rum</span> <span class='ocrx_word' id='word_1_85' title='bbox 428 1711 567 1789; x_wconf 84' lang='lat' dir='ltr'>genitus,</span> <span class='ocrx_word' id='word_1_86' title='bbox 588 1712 692 1771; x_wconf 87' lang='lat' dir='ltr'>vivere</span> <span class='ocrx_word' id='word_1_87' title='bbox 706 1708 777 1771; x_wconf 89' lang='lat' dir='ltr'>luce</span> <span class='ocrx_word' id='word_1_88' title='bbox 792 1708 872 1773; x_wconf 83' lang='lat' dir='ltr'>volo.</span> 
     </span>
    </p>
   </div>
   <div class='ocr_carea' id='block_1_5' title="bbox 548 1844 668 1922">
    <p class='ocr_par' dir='ltr' id='par_1_5' title="bbox 548 1844 668 1922">
     <span class='ocr_line' id='line_1_18' title="bbox 548 1844 668 1922; baseline 0.025 -19"><span class='ocrx_word' id='word_1_89' title='bbox 548 1844 617 1922; x_wconf 82' lang='lat' dir='ltr'>ux,</span> <span class='ocrx_word' id='word_1_90' title='bbox 640 1846 668 1908; x_wconf 78' lang='lat' dir='ltr'>o.</span> 
     </span>
    </p>
   </div>
   <div class='ocr_carea' id='block_1_6' title="bbox 150 1949 1046 2623">
    <p class='ocr_par' dir='ltr' id='par_1_6' title="bbox 173 1949 792 2035">
     <span class='ocr_line' id='line_1_19' title="bbox 173 1949 792 2035; baseline -0.002 -19"><span class='ocrx_word' id='word_1_91' title='bbox 173 1949 274 2016; x_wconf 86' lang='lat' dir='ltr'>Natali</span> <span class='ocrx_word' id='word_1_92' title='bbox 288 1955 408 2035; x_wconf 88' lang='lat' dir='ltr'>pallere</span> <span class='ocrx_word' id='word_1_93' title='bbox 424 1976 494 2031; x_wconf 82' lang='lat' dir='ltr'>suo,</span> <span class='ocrx_word' id='word_1_94' title='bbox 512 1975 551 2016; x_wconf 92' lang='lat' dir='ltr'>ne</span> <span class='ocrx_word' id='word_1_95' title='bbox 568 1955 654 2015; x_wconf 91' lang='lat' dir='ltr'>calda</span> <span class='ocrx_word' id='word_1_96' title='bbox 669 1955 792 2015; x_wconf 89' lang='lat' dir='ltr'>Sabello</span> 
     </span>
    </p>

    <p class='ocr_par' dir='ltr' id='par_1_7' title="bbox 177 2039 972 2207">
     <span class='ocr_line' id='line_1_20' title="bbox 215 2039 943 2120; baseline 0.007 -23"><span class='ocrx_word' id='word_1_97' title='bbox 215 2039 302 2098; x_wconf 81' lang='lat' dir='ltr'>Desit</span> <span class='ocrx_word' id='word_1_98' title='bbox 317 2047 348 2099; x_wconf 88' lang='lat' dir='ltr'>et</span> <span class='ocrx_word' id='word_1_99' title='bbox 364 2045 396 2098; x_wconf 91' lang='lat' dir='ltr'>ut</span> <span class='ocrx_word' id='word_1_100' title='bbox 410 2039 559 2118; x_wconf 91' lang='lat' dir='ltr'>liquidnm</span> <span class='ocrx_word' id='word_1_101' title='bbox 574 2047 662 2120; x_wconf 85' lang='lat' dir='ltr'>potet</span> <span class='ocrx_word' id='word_1_102' title='bbox 676 2039 794 2099; x_wconf 83' lang='lat' dir='ltr'>Alauda</span> <span class='ocrx_word' id='word_1_103' title='bbox 808 2059 943 2120; x_wconf 81' lang='lat' dir='ltr'>merum,</span> 
     </span>
     <span class='ocr_line' id='line_1_21' title="bbox 177 2121 972 2207; baseline 0.009 -27"><span class='ocrx_word' id='word_1_104' title='bbox 177 2121 315 2182; x_wconf 83' lang='lat' dir='ltr'>Turbida</span> <span class='ocrx_word' id='word_1_105' title='bbox 329 2123 462 2183; x_wconf 90' lang='lat' dir='ltr'>sollicito</span> <span class='ocrx_word' id='word_1_106' title='bbox 479 2127 689 2184; x_wconf 85' lang='lat' dir='ltr'>transmittere</span> <span class='ocrx_word' id='word_1_107' title='bbox 705 2125 846 2184; x_wconf 76' lang='lat' dir='ltr'>Caecuba</span> <span class='ocrx_word' id='word_1_108' title='bbox 860 2145 972 2207; x_wconf 84' lang='lat' dir='ltr'>sacco,</span> 
     </span>
    </p>

    <p class='ocr_par' dir='ltr' id='par_1_8' title="bbox 214 2207 855 2286">
     <span class='ocr_line' id='line_1_22' title="bbox 214 2207 855 2286; baseline 0.002 -19"><span class='ocrx_word' id='word_1_109' title='bbox 214 2208 316 2286; x_wconf 81' lang='lat' dir='ltr'>Atque</span> <span class='ocrx_word' id='word_1_110' title='bbox 331 2209 413 2268; x_wconf 87' lang='lat' dir='ltr'>inter</span> <span class='ocrx_word' id='word_1_111' title='bbox 427 2227 547 2268; x_wconf 86' lang='lat' dir='ltr'>mensas</span> <span class='ocrx_word' id='word_1_112' title='bbox 563 2210 626 2285; x_wconf 91' lang='lat' dir='ltr'>ire,</span> <span class='ocrx_word' id='word_1_113' title='bbox 648 2207 754 2268; x_wconf 88' lang='lat' dir='ltr'>redire</span> <span class='ocrx_word' id='word_1_114' title='bbox 770 2228 855 2284; x_wconf 82' lang='lat' dir='ltr'>snas3</span> 
     </span>
    </p>

    <p class='ocr_par' dir='ltr' id='par_1_9' title="bbox 150 2289 872 2454">
     <span class='ocr_line' id='line_1_23' title="bbox 150 2289 872 2370; baseline 0.004 -21"><span class='ocrx_word' id='word_1_115' title='bbox 150 2289 325 2370; x_wconf 80' lang='lat' dir='ltr'>5Excipere</span> <span class='ocrx_word' id='word_1_116' title='bbox 341 2294 398 2352; x_wconf 90' lang='lat' dir='ltr'>hos</span> <span class='ocrx_word' id='word_1_117' title='bbox 412 2291 500 2370; x_wconf 85' lang='lat' dir='ltr'>illos,</span> <span class='ocrx_word' id='word_1_118' title='bbox 525 2299 557 2351; x_wconf 86' lang='lat' dir='ltr'>et</span> <span class='ocrx_word' id='word_1_119' title='bbox 572 2298 635 2351; x_wconf 88' lang='lat' dir='ltr'>tota</span> <span class='ocrx_word' id='word_1_120' title='bbox 651 2310 778 2369; x_wconf 82' lang='lat' dir='ltr'>surgere</span> <span class='ocrx_word' id='word_1_121' title='bbox 795 2311 872 2352; x_wconf 89' lang='lat' dir='ltr'>cena</span> 
     </span>
     <span class='ocr_line' id='line_1_24' title="bbox 214 2373 830 2454; baseline 0.003 -21"><span class='ocrx_word' id='word_1_122' title='bbox 214 2375 369 2435; x_wconf 88' lang='lat' dir='ltr'>Marmora</span> <span class='ocrx_word' id='word_1_123' title='bbox 384 2376 550 2436; x_wconf 80' lang='lat' dir='ltr'>calcantem</span> <span class='ocrx_word' id='word_1_124' title='bbox 566 2375 728 2454; x_wconf 79' lang='lat' dir='ltr'>frigidiore</span> <span class='ocrx_word' id='word_1_125' title='bbox 742 2373 830 2454; x_wconf 85' lang='lat' dir='ltr'>gelu:</span> 
     </span>
    </p>

    <p class='ocr_par' dir='ltr' id='par_1_10' title="bbox 173 2456 1046 2623">
     <span class='ocr_line' id='line_1_25' title="bbox 173 2456 1046 2542; baseline 0.008 -26"><span class='ocrx_word' id='word_1_126' title='bbox 173 2456 257 2531; x_wconf 80' lang='lat' dir='ltr'>Quae</span> <span class='ocrx_word' id='word_1_127' title='bbox 273 2460 351 2518; x_wconf 90' lang='lat' dir='ltr'>ratio</span> <span class='ocrx_word' id='word_1_128' title='bbox 367 2465 430 2535; x_wconf 85' lang='lat' dir='ltr'>est,</span> <span class='ocrx_word' id='word_1_129' title='bbox 449 2462 526 2519; x_wconf 89' lang='lat' dir='ltr'>haec</span> <span class='ocrx_word' id='word_1_130' title='bbox 541 2469 651 2540; x_wconf 89' lang='lat' dir='ltr'>sponte</span> <span class='ocrx_word' id='word_1_131' title='bbox 666 2480 719 2519; x_wconf 88' lang='lat' dir='ltr'>sua</span> <span class='ocrx_word' id='word_1_132' title='bbox 733 2460 876 2539; x_wconf 90' lang='lat' dir='ltr'>perferre</span> <span class='ocrx_word' id='word_1_133' title='bbox 891 2463 1046 2542; x_wconf 85' lang='lat' dir='ltr'>patique,</span> 
     </span>
     <span class='ocr_line' id='line_1_26' title="bbox 215 2540 954 2623; baseline 0.005 -24"><span class='ocrx_word' id='word_1_134' title='bbox 215 2540 298 2615; x_wconf 80' lang='lat' dir='ltr'>Quae</span> <span class='ocrx_word' id='word_1_135' title='bbox 313 2547 346 2601; x_wconf 89' lang='lat' dir='ltr'>te</span> <span class='ocrx_word' id='word_1_136' title='bbox 361 2544 387 2602; x_wconf 88' lang='lat' dir='ltr'>si</span> <span class='ocrx_word' id='word_1_137' title='bbox 402 2544 506 2602; x_wconf 88' lang='lat' dir='ltr'>iubeat</span> <span class='ocrx_word' id='word_1_138' title='bbox 522 2562 576 2603; x_wconf 80' lang='lat' dir='ltr'>rex</span> <span class='ocrx_word' id='word_1_139' title='bbox 591 2543 809 2622; x_wconf 78' lang='lat' dir='ltr'>dominusque,</span> <span class='ocrx_word' id='word_1_140' title='bbox 831 2545 954 2623; x_wconf 70' lang='lat' dir='ltr'>neges?</span> 
     </span>
    </p>
   </div>
   <div class='ocr_carea' id='block_1_7' title="bbox 566 2677 641 2738">
    <p class='ocr_par' dir='ltr' id='par_1_11' title="bbox 566 2677 641 2738">
     <span class='ocr_line' id='line_1_27' title="bbox 566 2677 641 2738; baseline 0.013 -2"><span class='ocrx_word' id='word_1_141' title='bbox 566 2677 641 2738; x_wconf 88' lang='lat' dir='ltr'>LXl.</span> 
     </span>
    </p>
   </div>
   <div class='ocr_carea' id='block_1_8' title="bbox 149 2785 788 3284">
    <p class='ocr_par' dir='ltr' id='par_1_12' title="bbox 149 2785 788 3200">
     <span class='ocr_line' id='line_1_28' title="bbox 171 2785 788 2867; baseline -0.002 -20"><span class='ocrx_word' id='word_1_142' title='bbox 171 2785 288 2847; x_wconf 89' lang='lat' dir='ltr'>Versus</span> <span class='ocrx_word' id='word_1_143' title='bbox 301 2793 334 2846; x_wconf 89' lang='lat' dir='ltr'>ct</span> <span class='ocrx_word' id='word_1_144' title='bbox 348 2788 440 2847; x_wconf 87' lang='lat' dir='ltr'>breve</span> <span class='ocrx_word' id='word_1_145' title='bbox 456 2787 648 2867; x_wconf 78' lang='lat' dir='ltr'>vividumque</span> <span class='ocrx_word' id='word_1_146' title='bbox 664 2807 788 2848; x_wconf 88' lang='lat' dir='ltr'>carmen</span> 
     </span>
     <span class='ocr_line' id='line_1_29' title="bbox 169 2868 738 2950; baseline 0.005 -23"><span class='ocrx_word' id='word_1_147' title='bbox 169 2868 204 2928; x_wconf 91' lang='lat' dir='ltr'>In</span> <span class='ocrx_word' id='word_1_148' title='bbox 219 2877 250 2928; x_wconf 90' lang='lat' dir='ltr'>te</span> <span class='ocrx_word' id='word_1_149' title='bbox 265 2889 305 2929; x_wconf 90' lang='lat' dir='ltr'>ne</span> <span class='ocrx_word' id='word_1_150' title='bbox 318 2870 443 2948; x_wconf 80' lang='lat' dir='ltr'>faciam,</span> <span class='ocrx_word' id='word_1_151' title='bbox 465 2874 571 2949; x_wconf 83' lang='lat' dir='ltr'>times,</span> <span class='ocrx_word' id='word_1_152' title='bbox 593 2873 738 2950; x_wconf 80' lang='lat' dir='ltr'>Ligurra‚</span> 
     </span>
     <span class='ocr_line' id='line_1_30' title="bbox 169 2952 730 3034; baseline 0.002 -22"><span class='ocrx_word' id='word_1_153' title='bbox 169 2954 210 3012; x_wconf 83' lang='lat' dir='ltr'>Et</span> <span class='ocrx_word' id='word_1_154' title='bbox 225 2952 333 3032; x_wconf 82' lang='lat' dir='ltr'>dignus</span> <span class='ocrx_word' id='word_1_155' title='bbox 349 2957 434 3034; x_wconf 90' lang='lat' dir='ltr'>copis</span> <span class='ocrx_word' id='word_1_156' title='bbox 450 2956 509 3013; x_wconf 84' lang='lat' dir='ltr'>lioc</span> <span class='ocrx_word' id='word_1_157' title='bbox 523 2963 607 3015; x_wconf 92' lang='lat' dir='ltr'>metu</span> <span class='ocrx_word' id='word_1_158' title='bbox 622 2955 730 3015; x_wconf 80' lang='lat' dir='ltr'>videri.</span> 
     </span>
     <span class='ocr_line' id='line_1_31' title="bbox 170 3035 787 3120; baseline 0.008 -26"><span class='ocrx_word' id='word_1_159' title='bbox 170 3035 233 3094; x_wconf 86' lang='lat' dir='ltr'>Sed</span> <span class='ocrx_word' id='word_1_160' title='bbox 244 3037 360 3097; x_wconf 83' lang='lat' dir='ltr'>frustra</span> <span class='ocrx_word' id='word_1_161' title='bbox 374 3040 485 3097; x_wconf 88' lang='lat' dir='ltr'>metuis</span> <span class='ocrx_word' id='word_1_162' title='bbox 500 3041 647 3120; x_wconf 91' lang='lat' dir='ltr'>cupisque</span> <span class='ocrx_word' id='word_1_163' title='bbox 662 3041 787 3100; x_wconf 82' lang='lat' dir='ltr'>frustra.</span> 
     </span>
     <span class='ocr_line' id='line_1_32' title="bbox 149 3119 685 3200; baseline 0.013 -24"><span class='ocrx_word' id='word_1_164' title='bbox 149 3119 205 3177; x_wconf 82' lang='lat'>5111</span> <span class='ocrx_word' id='word_1_165' title='bbox 219 3127 321 3181; x_wconf 87' lang='lat' dir='ltr'>tauros</span> <span class='ocrx_word' id='word_1_166' title='bbox 336 3121 443 3200; x_wconf 85' lang='lat' dir='ltr'>Libyci</span> <span class='ocrx_word' id='word_1_167' title='bbox 456 3130 549 3182; x_wconf 89' lang='lat' dir='ltr'>ruunt</span> <span class='ocrx_word' id='word_1_168' title='bbox 561 3121 685 3200; x_wconf 78' lang='lat' dir='ltr'>leones,</span> 
     </span>
    </p>

    <p class='ocr_par' dir='ltr' id='par_1_13' title="bbox 168 3201 687 3284">
     <span class='ocr_line' id='line_1_33' title="bbox 168 3201 687 3284; baseline 0.012 -23"><span class='ocrx_word' id='word_1_169' title='bbox 168 3201 237 3261; x_wconf 90' lang='lat' dir='ltr'>Non</span> <span class='ocrx_word' id='word_1_170' title='bbox 251 3210 322 3264; x_wconf 91' lang='lat' dir='ltr'>sunt</span> <span class='ocrx_word' id='word_1_171' title='bbox 336 3205 541 3284; x_wconf 83' lang='lat' dir='ltr'>papilionibus</span> <span class='ocrx_word' id='word_1_172' title='bbox 554 3205 687 3268; x_wconf 89' lang='lat' dir='ltr'>molesti.</span> 
     </span>
    </p>
   </div>
   <div class='ocr_carea' id='block_1_9' title="bbox 168 3285 818 3537">
    <p class='ocr_par' dir='ltr' id='par_1_14' title="bbox 168 3285 818 3537">
     <span class='ocr_line' id='line_1_34' title="bbox 172 3285 758 3369; baseline 0.009 -24"><span class='ocrx_word' id='word_1_173' title='bbox 172 3285 324 3364; x_wconf 81' lang='lat' dir='ltr'>Quaeras,</span> <span class='ocrx_word' id='word_1_174' title='bbox 347 3307 474 3366; x_wconf 81' lang='lat' dir='ltr'>censeo,</span> <span class='ocrx_word' id='word_1_175' title='bbox 498 3291 524 3350; x_wconf 91' lang='lat' dir='ltr'>si</span> <span class='ocrx_word' id='word_1_176' title='bbox 538 3289 602 3368; x_wconf 83' lang='lat' dir='ltr'>legi</span> <span class='ocrx_word' id='word_1_177' title='bbox 616 3288 758 3369; x_wconf 74' lang='lat' dir='ltr'>laboras,</span> 
     </span>
     <span class='ocr_line' id='line_1_35' title="bbox 168 3369 818 3455; baseline 0.011 -27"><span class='ocrx_word' id='word_1_178' title='bbox 168 3369 255 3447; x_wconf 83' lang='lat' dir='ltr'>Nigri</span> <span class='ocrx_word' id='word_1_179' title='bbox 269 3371 397 3430; x_wconf 88' lang='lat' dir='ltr'>fornicis</span> <span class='ocrx_word' id='word_1_180' title='bbox 412 3373 530 3433; x_wconf 89' lang='lat' dir='ltr'>ebrium</span> <span class='ocrx_word' id='word_1_181' title='bbox 545 3381 683 3455; x_wconf 84' lang='lat' dir='ltr'>poetam,</span> <span class='ocrx_word' id='word_1_182' title='bbox 815 3380 818 3389; x_wconf 86' lang='lat'>&#39;</span> 
     </span>
     <span class='ocr_line' id='line_1_36' title="bbox 171 3453 726 3537; baseline 0.011 -25"><span class='ocrx_word' id='word_1_183' title='bbox 171 3453 229 3531; x_wconf 76' lang='lat' dir='ltr'>Qui</span> <span class='ocrx_word' id='word_1_184' title='bbox 246 3456 378 3515; x_wconf 87' lang='lat' dir='ltr'>carbone</span> <span class='ocrx_word' id='word_1_185' title='bbox 394 3455 463 3514; x_wconf 91' lang='lat' dir='ltr'>rudi</span> <span class='ocrx_word' id='word_1_186' title='bbox 479 3460 624 3537; x_wconf 90' lang='lat' dir='ltr'>putrique</span> <span class='ocrx_word' id='word_1_187' title='bbox 640 3464 726 3518; x_wconf 88' lang='lat' dir='ltr'>creta</span> 
     </span>
    </p>
   </div>
   <div class='ocr_carea' id='block_1_10' title="bbox 0 0 1190 3924">
    <p class='ocr_par' dir='ltr' id='par_1_15' title="bbox 0 0 1190 3924">
     <span class='ocr_line' id='line_1_37' title="bbox 0 0 1190 3924; baseline 0 0"><span class='ocrx_word' id='word_1_188' title='bbox 0 0 1190 3924; x_wconf 95' lang='lat' dir='ltr'> </span> 
     </span>
    </p>
   </div>
  </div>
 </body>
</html>
