2370 3924
410 209 455 272 m
471 209 563 273 VAL.
581 208 808 271 monimus

565 410 658 473 LVII.

173 523 312 589 Callidus
326 525 474 605 imposuit
486 543 588 605 nuper
601 525 677 584 mihi
692 542 770 603 copo
785 523 966 588 Ravennae:

215 611 292 673 Cum
308 616 451 691 peterem
465 609 608 686 mtxtum,
629 605 770 668 vendidit
782 606 840 669 ille
855 627 985 674 merum.

553 742 658 806 LVIII.

172 858 286 918 Baiana
300 859 401 918 nostri
417 857 507 936 villa,
527 859 639 937 Basse,
658 858 797 918 Faustini

171 942 241 1004 Non
257 943 364 1002 otiosis
379 941 521 1003 ordinata
540 943 683 1022 myrtetis

172 1024 336 1106 Viduaque
350 1025 475 1106 platano
490 1026 660 1104 tonsilique
674 1027 788 1086 buxeto

172 1110 294 1188 Ingrata
308 1109 365 1170 lati
378 1112 476 1191 spatia
490 1109 612 1171 detinet
626 1111 741 1189 campi,

151 1192 240 1257 5Sed
253 1214 327 1255 rure
339 1214 413 1256 vero
429 1196 623 1274 barbaroque
636 1194 780 1257 laetatur.

172 1278 233 1338 Hic
248 1279 329 1339 farta
343 1280 497 1359 premitur
509 1277 619 1356 angulo
640 1279 737 1338 Ocres
755 1279 838 1337 omni

172 1362 215 1423 Et
229 1360 326 1423 multa
342 1363 460 1441 fragrat
474 1369 556 1423 testa
570 1363 696 1422 senibus
711 1363 891 1424 auctumnis.

172 1446 234 1506 Hic
248 1453 320 1528 post
335 1448 526 1508 Novembres
539 1448 720 1507 imminente
734 1447 795 1505 iam
808 1448 916 1507 bruma

174 1530 267 1591 Seras
281 1537 407 1613 putator
419 1530 566 1601 horridus
578 1532 679 1591 refert
693 1550 779 1590 uvas:

131 1615 294 1679 10'Iruees
309 1617 342 1676 in
359 1614 419 1677 alta
433 1614 514 1676 valle
527 1617 667 1695 mugiunt
681 1615 763 1674 tauri

173 1699 360 1779 Vitulusque
374 1702 486 1760 inermi
498 1701 603 1761 fronte
618 1700 720 1779 prurit
733 1700 766 1757 in
779 1715 919 1777 pugnam.

172 1783 310 1862 Vagatur
325 1786 426 1844 omnia
440 1785 531 1843 turba
546 1782 691 1843 sordidae
706 1782 839 1858 chortis,

172 1867 309 1945 Argutus
325 1886 417 1926 anser
431 1869 625 1945 gemmeique
639 1884 773 1946 pavones

172 1949 354 2029 Nomenque
370 1949 466 2010 debet
480 1969 559 2028 quae
574 1951 758 2010 rubentibus
772 1949 875 2030 pinnis

130 2035 213 2096 lbllt
226 2035 310 2114 picta
323 2033 434 2114 perdix
448 2033 690 2112 Numidicaeque
705 2039 844 2112 guttatae

42 2136 45 2143 ’
173 2119 216 2178 nt
228 2119 390 2198 impiorum
406 2120 552 2198 phasiana
566 2117 769 2191 Colchorum3

173 2202 310 2262 erodias
325 2205 452 2283 superbi
470 2203 601 2263 feminas
617 2206 763 2282 premunt
777 2199 850 2279 galli

174 2287 354 2365 Sonantque
370 2294 474 2347 turres
489 2286 649 2367 plausibus
665 2284 895 2357 columbarum;

174 2371 279 2431 GemIt
293 2371 366 2429 hinc
381 2370 557 2450 palumbus,
579 2370 652 2429 inde
669 2387 779 2430 cereus
793 2373 915 2445 turtur,

131 2453 265 2518 robodi
281 2461 427 2514 secuntur
442 2453 552 2514 vilicae
568 2455 666 2513 alnum
681 2453 770 2533 porei

174 2537 372 2617 Matremque
387 2536 512 2618 plenam
525 2537 629 2597 mollis
645 2556 739 2615 agnus
752 2538 904 2615 expectat.

175 2622 311 2700 Cingunt
325 2640 470 2682 serenum
483 2621 579 2681 lactei
593 2621 696 2682 focum
710 2636 823 2680 vernae

172 2706 214 2767 lit
228 2705 315 2785 larga
327 2706 426 2766 festos
440 2704 526 2766 lucet
540 2704 579 2765 ad
593 2705 676 2766 lares
691 2702 776 2764 silva.

22 2838 25 2845 .
174 2791 243 2850 Non
259 2792 363 2868 segnis
380 2789 450 2851 albo
465 2788 567 2870 pallet
585 2791 648 2850 otio
666 2806 762 2868 copo,

19 2868 26 2961 f
131 2874 238 2936 25Neo
255 2874 362 2955 perdit
380 2874 482 2934 oleum
498 2873 637 2935 lubricus
655 2870 852 2953 palaestrita,

17 2976 21 2989 ¹
175 2956 240 3018 Sed
253 2957 356 3018 tendit
368 2957 465 3019 avidis
479 2964 549 3017 rete
565 2956 729 3018 subdolum
742 2952 843 3015 turdis

175 3039 362 3101 Tremulave
377 3048 499 3120 captum
512 3039 596 3100 liuea
609 3041 707 3100 trahit
722 3041 858 3120 piscem,

174 3125 237 3184 Aut
251 3123 431 3204 impeditam
447 3124 584 3184 cassibus
599 3125 702 3184 refert
718 3123 877 3182 dammam.

172 3209 310 3270 Exercet
323 3206 440 3268 hilares
455 3206 558 3268 facilis
570 3210 680 3269 hortus
694 3209 829 3267 urbanos

131 3292 213 3355 30Et
225 3291 403 3371 paedagogo
417 3311 479 3351 non
495 3293 623 3353 iubente
636 3291 744 3352 lascivi

20 3388 44 3471 ἒξ,
173 3375 292 3435 Parere
307 3375 442 3453 gaudent
455 3375 547 3437 vilico
564 3376 717 3458 capillati,
814 3419 817 3423 -

173 3460 216 3521 Et
231 3457 384 3521 delicatus
398 3479 495 3542 opere
509 3460 626 3522 fruitur
643 3457 812 3520 eunuchus.
934 3510 936 3513 .
