2370 3924
330 199 669 261 EPIGRAMMATON
682 201 757 267 LlB.
774 203 813 266 X.
1037 206 1099 272 237

184 357 278 419 Visus
293 354 356 413 erit
369 351 458 413 libris
475 355 527 430 qui
542 354 642 415 minor
658 373 727 415 esse
742 358 864 417 tribus?

140 441 183 502 Et
193 440 311 507 fatuam
326 456 441 496 summa
456 455 568 497 cenare
582 437 725 517 pelorida
739 459 844 500 mensa

98 535 133 589 10
182 522 333 601 Quodque
348 521 427 598 tegit
440 519 502 579 levi
517 523 633 581 cortice
647 524 763 583 concha
778 526 897 603 brevis,

142 608 255 668 Ostrea
268 605 392 665 Baianis
407 623 497 682 quam
512 624 574 664 non
587 604 715 666 liventia
730 609 835 686 testis,

183 693 268 768 Quae
284 688 406 748 domino
421 689 585 766 puerinon
600 690 786 768 prohibente
801 694 934 757 vorent?

140 777 200 836 Hic
215 773 327 834 olidam
341 771 491 832 clamosus
506 790 577 850 ages
591 773 623 831 11
637 774 717 834 retia
732 774 852 855 volpem

181 857 404 934 Mordebitque
419 860 488 915 tuos
504 855 628 916 sordida
641 858 758 937 praeda
771 879 878 919 canes:

99 941 208 1007 1511111
222 944 344 1021 piscoso
359 938 449 999 modo
464 939 514 999 vir
532 939 643 1000 educta
657 942 811 1021 profundo

182 1023 355 1105 Impedieat
369 1023 495 1103 lepores
509 1023 633 1083 humida
646 1024 711 1084 lina
725 1045 820 1090 meos.
836 1061 879 1074 —

120 1110 220 1171 'llum
233 1107 360 1188 loquor,
384 1125 457 1167 ecce
473 1105 556 1167 redit
573 1115 677 1187 sporta
691 1111 827 1189 piscator
841 1114 941 1191 inani,

183 1195 322 1256 Venator
339 1198 427 1270 capta
440 1189 539 1250 maele
555 1194 706 1271 superbus
719 1193 823 1253 adest:

142 1278 250 1338 011111
265 1277 302 1336 ab
318 1277 434 1334 urbano
450 1275 536 1334 venit
550 1273 588 1333 ad
602 1288 691 1335 marev
702 1295 778 1336 cena
792 1277 932 1340 macello.

98 1371 135 1423 20
183 1359 349 1420 Callaicum
363 1357 488 1417 mandas
503 1357 606 1436 siquid
621 1358 659 1417 ad
675 1361 855 1421 Oceanum?

500 1472 663 1535 XXXVlll.

143 1557 170 1616 0
185 1555 297 1616 molles
312 1557 370 1616 tibi
384 1555 577 1635 quindecim,
601 1556 733 1637 Calene,

144 1642 229 1717 Quos
245 1660 312 1700 cum
328 1639 463 1724 Sulpicia
478 1647 531 1699 tua
545 1639 661 1718 iugales

144 1723 276 1784 Indoluit
292 1722 369 1783 deus
383 1729 416 1783 et
431 1725 557 1803 peregit
570 1725 679 1785 annos!

142 1808 169 1867 0
184 1809 357 1867 1111111111
372 1809 513 1885 athara,
535 1826 614 1886 qnae
628 1815 733 1869 notata
748 1817 797 1869 est

120 1889 464 1953 50111111111111111111
478 1890 608 1971 lapillis!

145 1976 172 2036 0
189 1994 267 2054 quae
280 1973 416 2056 praelia,
440 1995 513 2053 quas
528 1977 674 2054 utrinque
688 1995 804 2057 pugnas

142 2056 235 2121 Felix
250 2056 384 2121 lectulus
400 2064 433 2118 et
445 2057 575 2119 lucerna
588 2059 666 2120 vidit

143 2143 261 2203 Nimbis
277 2144 363 2202 ebria
377 2143 598 2203 Nicerotianis!

143 2227 257 2288 Vixisti
271 2227 387 2304 tribus,
411 2224 580 2303 1011111,
600 2225 717 2287 lustris.
863 2289 870 2303 ,

100 2304 328 2374 1011111111111
344 2311 400 2370 tibi
413 2315 478 2370 tota
493 2315 686 2389 computatur
779 2387 781 2392 .

143 2396 185 2455 Et
199 2393 282 2454 solos
296 2412 437 2453 numeras
453 2393 519 2453 dies
534 2394 646 2455 mariti.

143 2477 265 2540 Erilli·
280 2479 338 2537 tibi
353 2478 380 2537 si
396 2477 448 2536 diu
463 2484 599 2556 rogatam

143 2563 258 2622 Lucem
272 2560 424 2621 redderet
439 2561 575 2641 Atropos
589 2559 639 2621 vel
653 2581 759 2639 unam,

144 2645 274 2723 Malles,
297 2665 386 2724 quam
399 2643 517 2724 Pyliam
533 2651 642 2724 quater
656 2650 829 2704 senectam:

146 2841 281 2903 Consule
298 2848 329 2901 te
344 2843 440 2901 Bruto
459 2840 541 2920 quod
556 2843 656 2917 iuras,
677 2838 805 2914 Lesbia,
827 2845 943 2911 natam,

187 2925 343 2989 Mentiris.
372 2924 450 2985 Nata
465 2944 515 3002 es,
535 2924 665 3000 Lesbia,
687 2940 762 3000 rege
777 2923 896 2981 Numa?

145 3010 197 3069 Sic
212 3028 334 3089 quoque
349 3010 499 3069 mentiris.
537 3009 692 3086 Namque,
713 3012 748 3065 ut
762 3012 813 3066 tua
827 3003 951 3066 saecula
964 3010 1102 3085 narrant,

187 3094 276 3154 Ficta
293 3093 481 3152 Prometheo
498 3092 611 3152 diceris
627 3109 696 3152 esse
710 3089 788 3150 luto.

554 3190 608 3250 XL

142 3275 276 3357 Semper
294 3296 361 3338 cum
375 3276 450 3334 mibi
463 3238 621 3335 diceretur
636 3291 705 3333 esse

144 3359 279 3421 Secreto
295 3379 363 3420 mea
378 3356 464 3418 Polla
479 3378 547 3418 cum
561 3356 707 3434 cinaedo,
797 3387 799 3391 ⁴

140 3444 263 3526 hropi,
285 3442 381 3524 Lupe.
412 3443 479 3503 Non
495 3448 561 3503 erat
575 3439 731 3504 cinaedus.
