<?xml version="1.0" encoding="UTF-8"?>
<!DOCTYPE html PUBLIC "-//W3C//DTD XHTML 1.0 Transitional//EN"
    "http://www.w3.org/TR/xhtml1/DTD/xhtml1-transitional.dtd">
<html xmlns="http://www.w3.org/1999/xhtml" xml:lang="en" lang="en">
 <head>
  <title>
</title>
<meta http-equiv="Content-Type" content="text/html;charset=utf-8" />
  <meta name='ocr-system' content='tesseract 3.04.00' />
  <meta name='ocr-capabilities' content='ocr_page ocr_carea ocr_par ocr_line ocrx_word'/>
</head>
<body>
  <div class='ocr_page' id='page_1' title='image "./epigrammatonlib02martgoog_0133.png"; bbox 0 0 2370 3924; ppageno 0'>
   <div class='ocr_carea' id='block_1_1' title="bbox 416 243 809 307">
    <p class='ocr_par' dir='ltr' id='par_1_1' title="bbox 416 243 809 307">
     <span class='ocr_line' id='line_1_1' title="bbox 416 243 809 307; baseline 0.003 -2"><span class='ocrx_word' id='word_1_1' title='bbox 416 244 461 306; x_wconf 88' lang='lat' dir='ltr'><strong>M.</strong></span> <span class='ocrx_word' id='word_1_2' title='bbox 476 243 568 307; x_wconf 82' lang='lat' dir='ltr'><strong>VAL.</strong></span> <span class='ocrx_word' id='word_1_3' title='bbox 583 243 809 306; x_wconf 84' lang='lat' dir='ltr'><strong>MAR&#39;l&#39;lALlS</strong></span> 
     </span>
    </p>
   </div>
   <div class='ocr_carea' id='block_1_2' title="bbox 174 393 768 647">
    <p class='ocr_par' dir='ltr' id='par_1_2' title="bbox 174 393 768 647">
     <span class='ocr_line' id='line_1_2' title="bbox 176 393 766 477; baseline -0.003 -18"><span class='ocrx_word' id='word_1_4' title='bbox 176 399 228 460; x_wconf 87' lang='lat' dir='ltr'><strong>Sic</strong></span> <span class='ocrx_word' id='word_1_5' title='bbox 242 404 386 477; x_wconf 77' lang='lat' dir='ltr'><strong>tanquam</strong></span> <span class='ocrx_word' id='word_1_6' title='bbox 401 393 481 457; x_wconf 86' lang='lat' dir='ltr'>nihil</span> <span class='ocrx_word' id='word_1_7' title='bbox 496 396 610 456; x_wconf 87' lang='lat' dir='ltr'><strong>offeras</strong></span> <span class='ocrx_word' id='word_1_8' title='bbox 625 413 766 475; x_wconf 79' lang='lat' dir='ltr'><strong>agarque.</strong></span> 
     </span>
     <span class='ocr_line' id='line_1_3' title="bbox 176 480 768 557; baseline -0.008 -14"><span class='ocrx_word' id='word_1_9' title='bbox 176 483 210 543; x_wconf 91' lang='lat' dir='ltr'><strong>Si</strong></span> <span class='ocrx_word' id='word_1_10' title='bbox 225 484 297 543; x_wconf 79' lang='lat' dir='ltr'><strong>novi</strong></span> <span class='ocrx_word' id='word_1_11' title='bbox 312 480 468 542; x_wconf 91' lang='lat' dir='ltr'><strong>domiuum</strong></span> <span class='ocrx_word' id='word_1_12' title='bbox 483 499 594 540; x_wconf 79' lang='lat' dir='ltr'><strong>novem</strong></span> <span class='ocrx_word' id='word_1_13' title='bbox 610 498 768 557; x_wconf 90' lang='lat' dir='ltr'><strong>sororum,</strong></span> 
     </span>
     <span class='ocr_line' id='line_1_4' title="bbox 174 561 739 647; baseline -0.009 -20"><span class='ocrx_word' id='word_1_14' title='bbox 174 565 268 628; x_wconf 88' lang='lat' dir='ltr'><strong>Ultro</strong></span> <span class='ocrx_word' id='word_1_15' title='bbox 284 583 473 647; x_wconf 88' lang='lat' dir='ltr'><strong>purpureum</strong></span> <span class='ocrx_word' id='word_1_16' title='bbox 489 570 577 644; x_wconf 87' lang='lat' dir='ltr'><strong>petet</strong></span> <span class='ocrx_word' id='word_1_17' title='bbox 591 561 739 623; x_wconf 89' lang='lat' dir='ltr'><strong>libellum.</strong></span> 
     </span>
    </p>
   </div>
   <div class='ocr_carea' id='block_1_3' title="bbox 582 697 648 759">
    <p class='ocr_par' dir='ltr' id='par_1_3' title="bbox 582 697 648 759">
     <span class='ocr_line' id='line_1_5' title="bbox 582 697 648 759; baseline -0.015 -1"><span class='ocrx_word' id='word_1_18' title='bbox 582 697 648 759; x_wconf 91' lang='lat' dir='ltr'><strong>Vll.</strong></span> 
     </span>
    </p>
   </div>
   <div class='ocr_carea' id='block_1_4' title="bbox 95 809 1012 1480">
    <p class='ocr_par' dir='ltr' id='par_1_4' title="bbox 95 809 1012 1480">
     <span class='ocr_line' id='line_1_6' title="bbox 177 809 923 891; baseline -0.001 -18"><span class='ocrx_word' id='word_1_19' title='bbox 177 812 319 891; x_wconf 79' lang='lat' dir='ltr'><strong>Qualiter</strong></span> <span class='ocrx_word' id='word_1_20' title='bbox 334 813 478 891; x_wconf 85' lang='lat' dir='ltr'><strong>Assyrios</strong></span> <span class='ocrx_word' id='word_1_21' title='bbox 493 817 645 873; x_wconf 86' lang='lat' dir='ltr'><strong>renovant</strong></span> <span class='ocrx_word' id='word_1_22' title='bbox 658 810 803 871; x_wconf 86' lang='lat' dir='ltr'><strong>incendia</strong></span> <span class='ocrx_word' id='word_1_23' title='bbox 816 809 923 890; x_wconf 85' lang='lat' dir='ltr'><strong>nidos,</strong></span> 
     </span>
     <span class='ocr_line' id='line_1_7' title="bbox 218 893 888 974; baseline -0.001 -17"><span class='ocrx_word' id='word_1_24' title='bbox 218 898 287 958; x_wconf 89' lang='lat' dir='ltr'><strong>Una</strong></span> <span class='ocrx_word' id='word_1_25' title='bbox 302 896 411 957; x_wconf 92' lang='lat' dir='ltr'><strong>decem</strong></span> <span class='ocrx_word' id='word_1_26' title='bbox 427 897 570 973; x_wconf 87' lang='lat' dir='ltr'><strong>quotiens</strong></span> <span class='ocrx_word' id='word_1_27' title='bbox 586 893 707 956; x_wconf 84' lang='lat' dir='ltr'><strong>saecula</strong></span> <span class='ocrx_word' id='word_1_28' title='bbox 720 896 795 955; x_wconf 83' lang='lat' dir='ltr'><strong>vixit</strong></span> <span class='ocrx_word' id='word_1_29' title='bbox 811 896 888 974; x_wconf 86' lang='lat' dir='ltr'><strong>avis,</strong></span> 
     </span>
     <span class='ocr_line' id='line_1_8' title="bbox 177 980 1007 1042; baseline -0.002 -1"><span class='ocrx_word' id='word_1_30' title='bbox 177 980 301 1042; x_wconf 82' lang='lat' dir='ltr'><strong>Taliter</strong></span> <span class='ocrx_word' id='word_1_31' title='bbox 316 987 407 1040; x_wconf 81' lang='lat' dir='ltr'><strong>cruta</strong></span> <span class='ocrx_word' id='word_1_32' title='bbox 422 986 472 1040; x_wconf 90' lang='lat' dir='ltr'><strong>est</strong></span> <span class='ocrx_word' id='word_1_33' title='bbox 485 984 625 1040; x_wconf 88' lang='lat' dir='ltr'><strong>veterem</strong></span> <span class='ocrx_word' id='word_1_34' title='bbox 640 997 718 1038; x_wconf 83' lang='lat' dir='ltr'><strong>nova</strong></span> <span class='ocrx_word' id='word_1_35' title='bbox 732 980 829 1039; x_wconf 88' lang='lat' dir='ltr'><strong>Roma</strong></span> <span class='ocrx_word' id='word_1_36' title='bbox 842 984 1007 1041; x_wconf 79' lang='lat' dir='ltr'><strong>senectam</strong></span> 
     </span>
     <span class='ocr_line' id='line_1_9' title="bbox 219 1061 843 1144; baseline -0.002 -19"><span class='ocrx_word' id='word_1_37' title='bbox 219 1067 261 1125; x_wconf 82' lang='lat' dir='ltr'><strong>Et</strong></span> <span class='ocrx_word' id='word_1_38' title='bbox 277 1066 408 1144; x_wconf 85' lang='lat' dir='ltr'><strong>sumpsit</strong></span> <span class='ocrx_word' id='word_1_39' title='bbox 418 1062 522 1124; x_wconf 82' lang='lat' dir='ltr'><strong>voltus</strong></span> <span class='ocrx_word' id='word_1_40' title='bbox 536 1061 690 1143; x_wconf 89' lang='lat' dir='ltr'><strong>praesidis</strong></span> <span class='ocrx_word' id='word_1_41' title='bbox 704 1063 770 1143; x_wconf 85' lang='lat' dir='ltr'><strong>ipsa</strong></span> <span class='ocrx_word' id='word_1_42' title='bbox 788 1064 843 1125; x_wconf 84' lang='lat' dir='ltr'><strong>sul.</strong></span> 
     </span>
     <span class='ocr_line' id='line_1_10' title="bbox 178 1144 1012 1228; baseline -0.004 -19"><span class='ocrx_word' id='word_1_43' title='bbox 178 1150 240 1210; x_wconf 91' lang='lat' dir='ltr'><strong>lam</strong></span> <span class='ocrx_word' id='word_1_44' title='bbox 254 1167 368 1228; x_wconf 85' lang='lat' dir='ltr'><strong>precor</strong></span> <span class='ocrx_word' id='word_1_45' title='bbox 384 1146 499 1207; x_wconf 89' lang='lat' dir='ltr'><strong>oblitus</strong></span> <span class='ocrx_word' id='word_1_46' title='bbox 513 1152 656 1224; x_wconf 88' lang='lat' dir='ltr'><strong>nostrae,</strong></span> <span class='ocrx_word' id='word_1_47' title='bbox 678 1145 833 1224; x_wconf 81' lang='lat' dir='ltr'><strong>Volcano,</strong></span> <span class='ocrx_word' id='word_1_48' title='bbox 857 1144 1012 1225; x_wconf 78' lang='lat' dir='ltr'><strong>querelae</strong></span> 
     </span>
     <span class='ocr_line' id='line_1_11' title="bbox 95 1229 1003 1307; baseline -0.009 -9"><span class='ocrx_word' id='word_1_49' title='bbox 95 1293 100 1298; x_wconf 91' lang='lat'>.</span> <span class='ocrx_word' id='word_1_50' title='bbox 218 1234 333 1293; x_wconf 87' lang='lat' dir='ltr'><strong>Parce:</strong></span> <span class='ocrx_word' id='word_1_51' title='bbox 355 1251 458 1293; x_wconf 90' lang='lat' dir='ltr'><strong>sumus</strong></span> <span class='ocrx_word' id='word_1_52' title='bbox 472 1231 585 1291; x_wconf 88' lang='lat' dir='ltr'><strong>Martis</strong></span> <span class='ocrx_word' id='word_1_53' title='bbox 600 1231 706 1307; x_wconf 89' lang='lat' dir='ltr'><strong>turba,</strong></span> <span class='ocrx_word' id='word_1_54' title='bbox 728 1229 784 1289; x_wconf 91' lang='lat' dir='ltr'><strong>sed</strong></span> <span class='ocrx_word' id='word_1_55' title='bbox 800 1236 832 1290; x_wconf 88' lang='lat' dir='ltr'><strong>et</strong></span> <span class='ocrx_word' id='word_1_56' title='bbox 848 1230 1003 1292; x_wconf 84' lang='lat' dir='ltr'><strong>Veneris:</strong></span> 
     </span>
     <span class='ocr_line' id='line_1_12' title="bbox 175 1312 928 1396; baseline -0.004 -20"><span class='ocrx_word' id='word_1_57' title='bbox 175 1317 292 1395; x_wconf 90' lang='lat' dir='ltr'><strong>Parce,</strong></span> <span class='ocrx_word' id='word_1_58' title='bbox 313 1323 419 1396; x_wconf 87' lang='lat' dir='ltr'><strong>pater:</strong></span> <span class='ocrx_word' id='word_1_59' title='bbox 435 1316 480 1376; x_wconf 88' lang='lat' dir='ltr'><strong>sie</strong></span> <span class='ocrx_word' id='word_1_60' title='bbox 494 1314 668 1373; x_wconf 83' lang='lat' dir='ltr'><strong>Lemniacis</strong></span> <span class='ocrx_word' id='word_1_61' title='bbox 682 1312 796 1374; x_wconf 85' lang='lat' dir='ltr'><strong>lasciva</strong></span> <span class='ocrx_word' id='word_1_62' title='bbox 811 1315 928 1375; x_wconf 87' lang='lat' dir='ltr'><strong>catenis</strong></span> 
     </span>
     <span class='ocr_line' id='line_1_13' title="bbox 217 1397 829 1480; baseline -0.003 -19"><span class='ocrx_word' id='word_1_63' title='bbox 217 1401 360 1480; x_wconf 85' lang='lat' dir='ltr'><strong>ignoscat</strong></span> <span class='ocrx_word' id='word_1_64' title='bbox 373 1401 505 1461; x_wconf 85' lang='lat' dir='ltr'><strong>coniunx</strong></span> <span class='ocrx_word' id='word_1_65' title='bbox 520 1404 553 1459; x_wconf 92' lang='lat' dir='ltr'><strong>et</strong></span> <span class='ocrx_word' id='word_1_66' title='bbox 566 1397 724 1476; x_wconf 89' lang='lat' dir='ltr'><strong>patienter</strong></span> <span class='ocrx_word' id='word_1_67' title='bbox 740 1402 829 1460; x_wconf 87' lang='lat' dir='ltr'><strong>amet.</strong></span> 
     </span>
    </p>
   </div>
   <div class='ocr_carea' id='block_1_5' title="bbox 572 1547 649 1610">
    <p class='ocr_par' dir='ltr' id='par_1_5' title="bbox 572 1547 649 1610">
     <span class='ocr_line' id='line_1_14' title="bbox 572 1547 649 1610; baseline 0 0"><span class='ocrx_word' id='word_1_68' title='bbox 572 1547 649 1610; x_wconf 89' lang='lat' dir='ltr'><strong>Vlll.</strong></span> 
     </span>
    </p>
   </div>
   <div class='ocr_carea' id='block_1_6' title="bbox 135 1660 897 2662">
    <p class='ocr_par' dir='ltr' id='par_1_6' title="bbox 177 1660 712 1741">
     <span class='ocr_line' id='line_1_15' title="bbox 177 1660 712 1741; baseline -0.002 -20"><span class='ocrx_word' id='word_1_69' title='bbox 177 1661 320 1722; x_wconf 79' lang='lat' dir='ltr'><strong>Edictum</strong></span> <span class='ocrx_word' id='word_1_70' title='bbox 335 1661 451 1721; x_wconf 91' lang='lat' dir='ltr'><strong>domini</strong></span> <span class='ocrx_word' id='word_1_71' title='bbox 466 1660 579 1741; x_wconf 91' lang='lat' dir='ltr'><strong>deique</strong></span> <span class='ocrx_word' id='word_1_72' title='bbox 595 1663 712 1735; x_wconf 78' lang='lat' dir='ltr'><strong>nostri,</strong></span> 
     </span>
    </p>

    <p class='ocr_par' dir='ltr' id='par_1_7' title="bbox 178 1744 650 1821">
     <span class='ocr_line' id='line_1_16' title="bbox 178 1744 650 1821; baseline -0.004 -17"><span class='ocrx_word' id='word_1_73' title='bbox 178 1746 245 1821; x_wconf 81' lang='lat' dir='ltr'><strong>Quo</strong></span> <span class='ocrx_word' id='word_1_74' title='bbox 262 1744 407 1806; x_wconf 80' lang='lat' dir='ltr'><strong>subsellia</strong></span> <span class='ocrx_word' id='word_1_75' title='bbox 422 1747 558 1805; x_wconf 89' lang='lat' dir='ltr'><strong>certiora</strong></span> <span class='ocrx_word' id='word_1_76' title='bbox 571 1745 650 1804; x_wconf 83' lang='lat' dir='ltr'><strong>liunt</strong></span> 
     </span>
    </p>

    <p class='ocr_par' dir='ltr' id='par_1_8' title="bbox 176 1827 733 1909">
     <span class='ocr_line' id='line_1_17' title="bbox 176 1827 733 1909; baseline 0.002 -21"><span class='ocrx_word' id='word_1_77' title='bbox 176 1829 219 1889; x_wconf 81' lang='lat' dir='ltr'><strong>Et</strong></span> <span class='ocrx_word' id='word_1_78' title='bbox 232 1849 326 1909; x_wconf 91' lang='lat' dir='ltr'><strong>puros</strong></span> <span class='ocrx_word' id='word_1_79' title='bbox 342 1846 438 1907; x_wconf 87' lang='lat' dir='ltr'><strong>eques</strong></span> <span class='ocrx_word' id='word_1_80' title='bbox 456 1827 582 1888; x_wconf 88' lang='lat' dir='ltr'><strong>ordines</strong></span> <span class='ocrx_word' id='word_1_81' title='bbox 596 1829 733 1907; x_wconf 89' lang='lat' dir='ltr'><strong>recepit,</strong></span> 
     </span>
    </p>

    <p class='ocr_par' dir='ltr' id='par_1_9' title="bbox 155 1911 810 2075">
     <span class='ocr_line' id='line_1_18' title="bbox 177 1911 810 1991; baseline 0 -20"><span class='ocrx_word' id='word_1_82' title='bbox 177 1912 255 1971; x_wconf 88' lang='lat' dir='ltr'><strong>Dum</strong></span> <span class='ocrx_word' id='word_1_83' title='bbox 273 1912 380 1972; x_wconf 86' lang='lat' dir='ltr'><strong>laudat</strong></span> <span class='ocrx_word' id='word_1_84' title='bbox 394 1911 485 1972; x_wconf 94' lang='lat' dir='ltr'><strong>modo</strong></span> <span class='ocrx_word' id='word_1_85' title='bbox 500 1913 609 1973; x_wconf 85' lang='lat' dir='ltr'><strong>Phasis</strong></span> <span class='ocrx_word' id='word_1_86' title='bbox 622 1914 656 1972; x_wconf 94' lang='lat' dir='ltr'><strong>in</strong></span> <span class='ocrx_word' id='word_1_87' title='bbox 670 1913 810 1991; x_wconf 86' lang='lat' dir='ltr'><strong>theatro,</strong></span> 
     </span>
     <span class='ocr_line' id='line_1_19' title="bbox 155 1994 744 2075; baseline -0.002 -19"><span class='ocrx_word' id='word_1_88' title='bbox 155 1996 287 2056; x_wconf 81' lang='lat' dir='ltr'><strong>5Phasis</strong></span> <span class='ocrx_word' id='word_1_89' title='bbox 302 1998 469 2075; x_wconf 88' lang='lat' dir='ltr'><strong>purpureis</strong></span> <span class='ocrx_word' id='word_1_90' title='bbox 484 1999 579 2057; x_wconf 88' lang='lat' dir='ltr'><strong>ruber</strong></span> <span class='ocrx_word' id='word_1_91' title='bbox 593 1994 744 2075; x_wconf 85' lang='lat' dir='ltr'><strong>lacernis,</strong></span> 
     </span>
    </p>

    <p class='ocr_par' dir='ltr' id='par_1_10' title="bbox 176 2079 712 2160">
     <span class='ocr_line' id='line_1_20' title="bbox 176 2079 712 2160; baseline -0.006 -20"><span class='ocrx_word' id='word_1_92' title='bbox 176 2080 218 2140; x_wconf 85' lang='lat' dir='ltr'><strong>Et</strong></span> <span class='ocrx_word' id='word_1_93' title='bbox 232 2081 326 2140; x_wconf 89' lang='lat' dir='ltr'><strong>iactat</strong></span> <span class='ocrx_word' id='word_1_94' title='bbox 339 2079 457 2139; x_wconf 88' lang='lat' dir='ltr'><strong>tumido</strong></span> <span class='ocrx_word' id='word_1_95' title='bbox 473 2083 625 2160; x_wconf 87' lang='lat' dir='ltr'><strong>superbus</strong></span> <span class='ocrx_word' id='word_1_96' title='bbox 640 2098 712 2139; x_wconf 91' lang='lat' dir='ltr'><strong>ore:</strong></span> 
     </span>
    </p>

    <p class='ocr_par' dir='ltr' id='par_1_11' title="bbox 176 2162 777 2240">
     <span class='ocr_line' id='line_1_21' title="bbox 176 2162 777 2240; baseline 0 -18"><span class='ocrx_word' id='word_1_97' title='bbox 176 2163 339 2240; x_wconf 82' lang='lat' dir='ltr'><strong>„Tandem</strong></span> <span class='ocrx_word' id='word_1_98' title='bbox 356 2164 543 2224; x_wconf 82' lang='lat' dir='ltr'><strong>commodius</strong></span> <span class='ocrx_word' id='word_1_99' title='bbox 557 2164 634 2224; x_wconf 92' lang='lat' dir='ltr'><strong>licet</strong></span> <span class='ocrx_word' id='word_1_100' title='bbox 647 2162 777 2240; x_wconf 88' lang='lat' dir='ltr'><strong>sedere,</strong></span> 
     </span>
    </p>

    <p class='ocr_par' dir='ltr' id='par_1_12' title="bbox 177 2247 801 2327">
     <span class='ocr_line' id='line_1_22' title="bbox 177 2247 801 2327; baseline 0 -21"><span class='ocrx_word' id='word_1_101' title='bbox 177 2247 265 2307; x_wconf 87' lang='lat' dir='ltr'><strong>Nunc</strong></span> <span class='ocrx_word' id='word_1_102' title='bbox 279 2257 328 2309; x_wconf 85' lang='lat' dir='ltr'><strong>est</strong></span> <span class='ocrx_word' id='word_1_103' title='bbox 342 2247 465 2308; x_wconf 88' lang='lat' dir='ltr'><strong>reddita</strong></span> <span class='ocrx_word' id='word_1_104' title='bbox 481 2247 614 2326; x_wconf 83' lang='lat' dir='ltr'><strong>dignitas</strong></span> <span class='ocrx_word' id='word_1_105' title='bbox 628 2249 801 2327; x_wconf 80' lang='lat' dir='ltr'><strong>equestris3</strong></span> 
     </span>
    </p>

    <p class='ocr_par' dir='ltr' id='par_1_13' title="bbox 135 2330 897 2496">
     <span class='ocr_line' id='line_1_23' title="bbox 177 2330 897 2411; baseline -0.003 -21"><span class='ocrx_word' id='word_1_106' title='bbox 177 2331 284 2392; x_wconf 84' lang='lat' dir='ltr'><strong>Turba</strong></span> <span class='ocrx_word' id='word_1_107' title='bbox 297 2352 359 2392; x_wconf 93' lang='lat' dir='ltr'><strong>non</strong></span> <span class='ocrx_word' id='word_1_108' title='bbox 373 2335 558 2411; x_wconf 90' lang='lat' dir='ltr'><strong>premimur,</strong></span> <span class='ocrx_word' id='word_1_109' title='bbox 581 2350 639 2392; x_wconf 91' lang='lat' dir='ltr'><strong>nec</strong></span> <span class='ocrx_word' id='word_1_110' title='bbox 656 2332 851 2410; x_wconf 89' lang='lat' dir='ltr'><strong>inquinamur</strong></span> <span class='ocrx_word' id='word_1_111' title='bbox 858 2330 897 2388; x_wconf 81' lang='lat'><strong>:“·</strong></span> 
     </span>
     <span class='ocr_line' id='line_1_24' title="bbox 135 2414 758 2496; baseline -0.002 -21"><span class='ocrx_word' id='word_1_112' title='bbox 135 2415 262 2477; x_wconf 82' lang='lat' dir='ltr'><strong>lollaec</strong></span> <span class='ocrx_word' id='word_1_113' title='bbox 277 2422 310 2474; x_wconf 87' lang='lat' dir='ltr'><strong>et</strong></span> <span class='ocrx_word' id='word_1_114' title='bbox 325 2414 399 2475; x_wconf 87' lang='lat' dir='ltr'><strong>talia</strong></span> <span class='ocrx_word' id='word_1_115' title='bbox 414 2416 485 2476; x_wconf 90' lang='lat' dir='ltr'><strong>dum</strong></span> <span class='ocrx_word' id='word_1_116' title='bbox 498 2416 601 2475; x_wconf 87' lang='lat' dir='ltr'><strong>refert</strong></span> <span class='ocrx_word' id='word_1_117' title='bbox 615 2417 758 2496; x_wconf 90' lang='lat' dir='ltr'><strong>supinus,</strong></span> 
     </span>
    </p>

    <p class='ocr_par' dir='ltr' id='par_1_14' title="bbox 176 2496 678 2579">
     <span class='ocr_line' id='line_1_25' title="bbox 176 2496 678 2579; baseline 0.006 -23"><span class='ocrx_word' id='word_1_118' title='bbox 176 2496 248 2557; x_wconf 88' lang='lat' dir='ltr'><strong>lllas</strong></span> <span class='ocrx_word' id='word_1_119' title='bbox 261 2517 433 2579; x_wconf 88' lang='lat' dir='ltr'><strong>purpureas</strong></span> <span class='ocrx_word' id='word_1_120' title='bbox 449 2506 482 2559; x_wconf 91' lang='lat' dir='ltr'><strong>et</strong></span> <span class='ocrx_word' id='word_1_121' title='bbox 498 2507 678 2577; x_wconf 82' lang='lat' dir='ltr'><strong>arrogantes</strong></span> 
     </span>
    </p>

    <p class='ocr_par' dir='ltr' id='par_1_15' title="bbox 177 2581 700 2662">
     <span class='ocr_line' id='line_1_26' title="bbox 177 2581 700 2662; baseline 0.008 -23"><span class='ocrx_word' id='word_1_122' title='bbox 177 2581 268 2643; x_wconf 89' lang='lat' dir='ltr'><strong>lussit</strong></span> <span class='ocrx_word' id='word_1_123' title='bbox 282 2601 411 2662; x_wconf 79' lang='lat' dir='ltr'><strong>surgere</strong></span> <span class='ocrx_word' id='word_1_124' title='bbox 425 2583 531 2644; x_wconf 89' lang='lat' dir='ltr'><strong>Leitus</strong></span> <span class='ocrx_word' id='word_1_125' title='bbox 549 2581 700 2644; x_wconf 87' lang='lat' dir='ltr'><strong>lacernas.</strong></span> 
     </span>
    </p>
   </div>
   <div class='ocr_carea' id='block_1_7' title="bbox 585 2716 637 2779">
    <p class='ocr_par' dir='ltr' id='par_1_16' title="bbox 585 2716 637 2779">
     <span class='ocr_line' id='line_1_27' title="bbox 585 2716 637 2779; baseline 0.058 -3"><span class='ocrx_word' id='word_1_126' title='bbox 585 2716 637 2779; x_wconf 83' lang='lat' dir='ltr'><strong>IX.</strong></span> 
     </span>
    </p>
   </div>
   <div class='ocr_carea' id='block_1_8' title="bbox 177 2826 997 3159">
    <p class='ocr_par' dir='ltr' id='par_1_17' title="bbox 177 2826 968 2993">
     <span class='ocr_line' id='line_1_28' title="bbox 177 2826 968 2910; baseline 0.005 -24"><span class='ocrx_word' id='word_1_127' title='bbox 177 2826 388 2906; x_wconf 86' lang='lat' dir='ltr'><strong>Languebam:</strong></span> <span class='ocrx_word' id='word_1_128' title='bbox 410 2829 466 2891; x_wconf 91' lang='lat' dir='ltr'><strong>sed</strong></span> <span class='ocrx_word' id='word_1_129' title='bbox 480 2838 513 2889; x_wconf 90' lang='lat' dir='ltr'><strong>tu</strong></span> <span class='ocrx_word' id='word_1_130' title='bbox 529 2831 690 2890; x_wconf 85' lang='lat' dir='ltr'><strong>comitatus</strong></span> <span class='ocrx_word' id='word_1_131' title='bbox 704 2831 846 2910; x_wconf 89' lang='lat' dir='ltr'><strong>protinus</strong></span> <span class='ocrx_word' id='word_1_132' title='bbox 864 2829 902 2888; x_wconf 87' lang='lat' dir='ltr'><strong>ad</strong></span> <span class='ocrx_word' id='word_1_133' title='bbox 918 2848 968 2890; x_wconf 91' lang='lat' dir='ltr'><strong>me</strong></span> 
     </span>
     <span class='ocr_line' id='line_1_29' title="bbox 219 2912 908 2993; baseline 0.001 -20"><span class='ocrx_word' id='word_1_134' title='bbox 219 2912 342 2973; x_wconf 87' lang='lat' dir='ltr'><strong>Venisti</strong></span> <span class='ocrx_word' id='word_1_135' title='bbox 359 2922 498 2992; x_wconf 89' lang='lat' dir='ltr'><strong>centum,</strong></span> <span class='ocrx_word' id='word_1_136' title='bbox 521 2914 718 2993; x_wconf 76' lang='lat' dir='ltr'><strong>Symmacho,</strong></span> <span class='ocrx_word' id='word_1_137' title='bbox 740 2912 908 2993; x_wconf 85' lang='lat' dir='ltr'><strong>discipulis.</strong></span> 
     </span>
    </p>

    <p class='ocr_par' dir='ltr' id='par_1_18' title="bbox 178 2993 997 3159">
     <span class='ocr_line' id='line_1_30' title="bbox 178 2993 956 3077; baseline 0.003 -24"><span class='ocrx_word' id='word_1_138' title='bbox 178 2993 310 3056; x_wconf 79' lang='lat' dir='ltr'><strong>Centum</strong></span> <span class='ocrx_word' id='word_1_139' title='bbox 325 3015 373 3056; x_wconf 88' lang='lat' dir='ltr'><strong>me</strong></span> <span class='ocrx_word' id='word_1_140' title='bbox 387 2998 522 3075; x_wconf 86' lang='lat' dir='ltr'><strong>tetigere</strong></span> <span class='ocrx_word' id='word_1_141' title='bbox 538 3017 643 3056; x_wconf 86' lang='lat' dir='ltr'><strong>manus</strong></span> <span class='ocrx_word' id='word_1_142' title='bbox 658 2996 804 3077; x_wconf 89' lang='lat' dir='ltr'><strong>aquilone</strong></span> <span class='ocrx_word' id='word_1_143' title='bbox 817 2995 956 3075; x_wconf 85' lang='lat' dir='ltr'><strong>gelatae:</strong></span> 
     </span>
     <span class='ocr_line' id='line_1_31' title="bbox 219 3079 997 3159; baseline 0.008 -23"><span class='ocrx_word' id='word_1_144' title='bbox 219 3079 288 3138; x_wconf 90' lang='lat' dir='ltr'><strong>Non</strong></span> <span class='ocrx_word' id='word_1_145' title='bbox 302 3080 395 3140; x_wconf 89' lang='lat' dir='ltr'><strong>habui</strong></span> <span class='ocrx_word' id='word_1_146' title='bbox 409 3080 549 3157; x_wconf 82' lang='lat' dir='ltr'><strong>febrem,</strong></span> <span class='ocrx_word' id='word_1_147' title='bbox 572 3081 768 3159; x_wconf 82' lang='lat' dir='ltr'><strong>Symmacho,</strong></span> <span class='ocrx_word' id='word_1_148' title='bbox 790 3100 871 3141; x_wconf 89' lang='lat' dir='ltr'><strong>nunc</strong></span> <span class='ocrx_word' id='word_1_149' title='bbox 884 3081 997 3144; x_wconf 90' lang='lat' dir='ltr'><strong>habco.</strong></span> 
     </span>
    </p>
   </div>
   <div class='ocr_carea' id='block_1_9' title="bbox 593 3215 631 3279">
    <p class='ocr_par' dir='ltr' id='par_1_19' title="bbox 593 3215 631 3279">
     <span class='ocr_line' id='line_1_32' title="bbox 593 3215 631 3279; baseline 0.132 -5"><span class='ocrx_word' id='word_1_150' title='bbox 593 3215 631 3279; x_wconf 89' lang='lat' dir='ltr'><strong>X.</strong></span> 
     </span>
    </p>
   </div>
   <div class='ocr_carea' id='block_1_10' title="bbox 175 3322 985 3574">
    <p class='ocr_par' dir='ltr' id='par_1_20' title="bbox 175 3322 985 3574">
     <span class='ocr_line' id='line_1_33' title="bbox 176 3322 985 3406; baseline 0.007 -25"><span class='ocrx_word' id='word_1_151' title='bbox 176 3322 255 3382; x_wconf 85' lang='lat' dir='ltr'><strong>Esse</strong></span> <span class='ocrx_word' id='word_1_152' title='bbox 271 3322 345 3403; x_wconf 88' lang='lat' dir='ltr'><strong>quid</strong></span> <span class='ocrx_word' id='word_1_153' title='bbox 360 3325 419 3383; x_wconf 88' lang='lat' dir='ltr'><strong>hoc</strong></span> <span class='ocrx_word' id='word_1_154' title='bbox 435 3324 552 3402; x_wconf 88' lang='lat' dir='ltr'><strong>dicam,</strong></span> <span class='ocrx_word' id='word_1_155' title='bbox 566 3327 642 3386; x_wconf 81' lang='lat' dir='ltr'><strong>vivis</strong></span> <span class='ocrx_word' id='word_1_156' title='bbox 659 3324 741 3406; x_wconf 89' lang='lat' dir='ltr'><strong>quod</strong></span> <span class='ocrx_word' id='word_1_157' title='bbox 756 3327 836 3386; x_wconf 85' lang='lat' dir='ltr'><strong>fama</strong></span> <span class='ocrx_word' id='word_1_158' title='bbox 850 3334 985 3405; x_wconf 88' lang='lat' dir='ltr'><strong>negatur</strong></span> 
     </span>
     <span class='ocr_line' id='line_1_34' title="bbox 218 3406 930 3490; baseline 0.007 -24"><span class='ocrx_word' id='word_1_159' title='bbox 218 3406 260 3467; x_wconf 85' lang='lat' dir='ltr'><strong>Et</strong></span> <span class='ocrx_word' id='word_1_160' title='bbox 277 3427 331 3467; x_wconf 90' lang='lat' dir='ltr'><strong>sua</strong></span> <span class='ocrx_word' id='word_1_161' title='bbox 352 3407 435 3487; x_wconf 91' lang='lat' dir='ltr'><strong>quod</strong></span> <span class='ocrx_word' id='word_1_162' title='bbox 449 3428 537 3469; x_wconf 85' lang='lat' dir='ltr'><strong>rarus</strong></span> <span class='ocrx_word' id='word_1_163' title='bbox 552 3417 694 3490; x_wconf 86' lang='lat' dir='ltr'><strong>tempora</strong></span> <span class='ocrx_word' id='word_1_164' title='bbox 707 3409 810 3470; x_wconf 88' lang='lat' dir='ltr'><strong>lector</strong></span> <span class='ocrx_word' id='word_1_165' title='bbox 825 3412 930 3471; x_wconf 71' lang='lat' dir='ltr'><strong>amat?</strong></span> 
     </span>
     <span class='ocr_line' id='line_1_35' title="bbox 175 3489 933 3574; baseline 0.008 -25"><span class='ocrx_word' id='word_1_166' title='bbox 175 3489 219 3549; x_wconf 89' lang='lat' dir='ltr'><strong>Hi</strong></span> <span class='ocrx_word' id='word_1_167' title='bbox 234 3498 306 3551; x_wconf 91' lang='lat' dir='ltr'><strong>sunt</strong></span> <span class='ocrx_word' id='word_1_168' title='bbox 320 3490 455 3553; x_wconf 87' lang='lat' dir='ltr'><strong>invidiae</strong></span> <span class='ocrx_word' id='word_1_169' title='bbox 470 3494 630 3573; x_wconf 87' lang='lat' dir='ltr'><strong>nimirum,</strong></span> <span class='ocrx_word' id='word_1_170' title='bbox 652 3493 790 3574; x_wconf 87' lang='lat' dir='ltr'><strong>Regale,</strong></span> <span class='ocrx_word' id='word_1_171' title='bbox 812 3513 933 3572; x_wconf 86' lang='lat' dir='ltr'><strong>mores,</strong></span> 
     </span>
    </p>
   </div>
   <div class='ocr_carea' id='block_1_11' title="bbox 0 0 1190 3924">
    <p class='ocr_par' dir='ltr' id='par_1_21' title="bbox 0 0 1190 3924">
     <span class='ocr_line' id='line_1_36' title="bbox 0 0 1190 3924; baseline 0 0"><span class='ocrx_word' id='word_1_172' title='bbox 0 0 1190 3924; x_wconf 95' lang='lat' dir='ltr'><strong> </strong></span> 
     </span>
    </p>
   </div>
  </div>
 </body>
</html>
