2370 3924
339 220 679 282 EPIGRAMMATON
694 223 769 285 LlB.
784 226 821 289 V.
1043 224 1104 288 109

186 374 351 436 Praeferat
365 374 507 452 antiquos
522 392 646 453 semper
660 382 695 434 ut
708 374 763 434 illa
777 378 873 438 novis.

121 457 202 520 {rSic
214 465 354 518 veterem
369 458 483 535 ingrati
496 457 626 537 Pompei
641 460 815 535 quaerimus
830 462 983 539 umbram,

186 541 239 601 Sic
253 540 381 601 laudant
396 539 498 601 Gatuli
512 538 585 600 vilia
599 542 713 622 templa
726 561 826 604 senes.

143 626 263 687 Ennius
279 631 328 685 est
341 623 444 693 lectus
459 622 542 684 salvo
557 626 630 703 tibi,
653 626 764 705 Roma,
786 628 919 687 Marone

185 710 227 769 nt
241 729 295 769 sua
308 710 447 768 riserunt
460 707 582 768 saccula
596 709 799 770 Maeoniden:

142 793 225 854 Rara
240 799 386 853 coronato
400 789 546 872 plausere
561 794 685 853 theatra
699 792 890 871 Menandro,

99 888 135 940 10
183 876 281 936 Norat
295 876 448 936 Nasonem
463 873 530 935 sola
545 877 680 938 Corinna
695 897 791 940 suum.

142 961 209 1024 Vos
223 965 344 1038 tamen,
366 979 384 1019 o
400 962 499 1020 nostri
514 979 554 1020 ne
568 961 716 1021 festinate
731 958 848 1022 libelli:

190 1043 222 1102 Si
240 1044 389 1122 postlata
403 1045 489 1104 venit
504 1044 618 1123 gloria,
640 1065 704 1105 non
719 1063 864 1125 propero.

553 1206 604 1266 xl.

145 1317 378 1396 Sardonychas,
400 1315 595 1395 zmaragdos,
618 1316 809 1396 adamantus,
831 1316 965 1397 iaspidas
979 1336 1040 1377 uno

187 1401 301 1464 Versat
314 1401 346 1459 in
361 1398 492 1460 articulo
512 1399 625 1478 Stella,
648 1400 781 1479 Severe,
802 1419 897 1462 meus.

142 1482 261 1545 Multas
275 1485 308 1543 in
322 1483 444 1562 digitis,
466 1482 574 1563 plures
590 1487 623 1544 in
637 1485 773 1543 carmine
789 1503 922 1562 gemmas

185 1569 341 1629 invenies:
361 1567 435 1627 inde
450 1575 499 1626 est
512 1569 605 1645 haec,
627 1574 720 1649 puto,
743 1566 826 1628 culta
840 1588 955 1630 manus.
980 1631 984 1639 ,

549 1730 614 1793 XII.

143 1845 235 1922 Quod
248 1845 388 1905 nutantia
400 1843 506 1902 fronte
520 1843 673 1922 perticata

143 1933 255 1991 Gestat
267 1926 407 2009 pondera
420 1925 589 1986 Maathlion
604 1927 772 2006 superbus,

143 2017 208 2076 Aut
222 2011 346 2094 grandis
361 2011 458 2071 Ninus
473 2011 614 2070 omnibus
628 2010 756 2070 lacertis

144 2099 273 2179 Septem
288 2094 370 2176 quod
385 2113 499 2174 pueros
514 2092 597 2153 levat
610 2092 661 2153 vel
676 2100 763 2171 octo,

118 2184 209 2245 5Res
223 2202 286 2241 non
299 2177 437 2238 difficilis
452 2178 528 2236 mihi
542 2177 681 2252 videtur,

143 2267 215 2328 Uno
230 2286 298 2325 cum
313 2263 409 2340 digito
424 2260 475 2321 vel
489 2261 565 2337 hoc,
586 2259 637 2320 vel
652 2258 725 2337 illo,

142 2351 256 2410 Portet
274 2345 374 2408 Stella
387 2364 473 2405 meus
489 2343 598 2404 decem
612 2342 739 2424 puellas.

536 2510 615 2570 Xlll.

145 2627 236 2705 Sum,
258 2626 376 2703 fateor,
398 2643 584 2705 semperque
599 2625 660 2701 fui,
678 2619 872 2698 Callistrato,
892 2638 1026 2700 pauper,

186 2709 251 2771 Sed
265 2729 327 2768 non
342 2711 505 2787 obscurus,
524 2712 583 2768 nee
597 2706 676 2767 mule
691 2711 782 2764 notus
797 2721 910 2782 eques,

144 2793 209 2854 Sed
222 2799 288 2854 toto
303 2791 394 2871 legor
408 2795 485 2853 orbe
500 2793 649 2871 frequens
667 2797 699 2849 et
714 2787 829 2847 dicitur
845 2787 926 2863 „Hic
940 2791 988 2844 est
995 2785 1027 2862 ,“

187 2876 339 2956 Quodque
354 2878 432 2937 cinis
448 2877 570 2957 paucis,
593 2875 652 2934 hoc
667 2873 744 2933 mihi
757 2871 819 2930 vita
833 2868 929 2930 dedit.

120 2962 190 3024 snt
204 2968 257 3021 tua
272 2962 412 3020 centenis
426 2961 608 3020 incumbunt
621 2963 704 3018 tecta
719 2953 870 3017 columnis

183 3047 226 3105 lit
238 3043 403 3105 libertinas
419 3065 489 3105 arca
503 3043 641 3123 flagellat
654 3061 745 3123 opes,

140 3130 316 3207 Magnaque
330 3126 468 3191 Niliacae
483 3131 580 3189 servit
593 3129 651 3189 tibi
666 3125 757 3206 gleba
772 3125 907 3205 Syenes,

184 3212 312 3274 Tondet
325 3220 359 3274 et
372 3215 550 3274 innumeros
566 3211 684 3274 Gallica
698 3213 808 3271 Parma
823 3227 942 3288 greges.

142 3297 213 3357 Hoc
228 3316 285 3377 ego
301 3303 395 3377 tuque
411 3317 530 3358 sumus:
553 3296 608 3357 sed
626 3294 807 3375 quodsum,
829 3312 891 3352 non
911 3295 1001 3372 potes
1017 3306 1102 3349 esse:
1155 3368 1158 3375 Ι

101 3393 136 3442 10
187 3380 238 3441 'l'u
253 3381 336 3460 qnod
350 3400 401 3461 es,
423 3382 569 3462 epopulo
586 3378 720 3460 quilibet
734 3398 802 3440 esse
817 3383 931 3458 potest.
