2370 3924
89 233 151 298 ³18
412 227 459 292 M..
474 225 567 289 vol..
582 225 703 286 MART
705 225 809 285 lALIS
835 270 845 287 .

393 429 442 489 ci.
468 428 580 488 Oleum
602 425 826 502 Venafraoum.

173 533 242 592 Hoc
255 530 314 590 tibi
329 527 475 608 Campani
490 523 609 584 sudavit
625 525 699 583 baca
713 524 845 586 Venafri

216 617 427 692 Unguentum:
445 609 589 687 quotiens
604 609 714 682 sumis,
737 613 771 666 et
783 605 869 667 istud
883 605 959 669 olet.

418 742 479 803 cll.
504 741 624 801 (lorum
635 743 800 802 sociorum.

173 843 351 926 Expirantis
368 840 468 900 adhue
482 839 617 899 scombri
632 836 671 898 de
686 840 835 917 sanguine
848 839 949 919 primo

215 928 332 1006 Accipe
347 925 510 999 iastosum,
532 940 659 982 munera
674 941 761 999 cara,
780 940 896 1000 garum.

408 1057 483 1117 0111.
509 1056 671 1137 Amphora
683 1057 813 1116 muriae.

175 1155 395 1236 Antipolitani,
417 1154 538 1232 fateor,
561 1173 627 1213 sum
641 1153 704 1214 iilia
719 1153 863 1232 thynnizs

215 1242 324 1301 Essem
338 1241 365 1298 si
379 1239 529 1316 scombri,
551 1256 614 1296 non
628 1239 687 1297 tibi
701 1238 792 1296 missa
806 1236 918 1300 forem.

447 1372 525 1434 clv.
547 1370 612 1431 Mel
628 1371 779 1432 Atticum.

173 1474 241 1533 Hoc
255 1473 314 1532 tibi
328 1471 445 1530 Thesei
458 1468 634 1551 populatrix
647 1471 731 1530 misit
744 1469 886 1548 Hymetti

216 1554 360 1617 Pallados
375 1575 393 1614 a
407 1553 490 1614 silvis
503 1552 607 1614 nobile
622 1560 731 1613 nectar
746 1554 820 1634 apis.

469 1688 534 1750 GV.
557 1688 639 1748 Favi
649 1684 757 1749 Siculi.

176 1788 253 1847 Cum
272 1785 398 1845 dederis
417 1786 539 1847 Siculos
553 1786 674 1845 mediae
689 1784 728 1845 de
744 1783 877 1846 collibus
893 1783 1039 1865 Hyblae,

217 1869 386 1950 Cecropios
403 1868 487 1930 dieas
503 1877 537 1930 tu
550 1869 627 1930 lieet
641 1887 710 1929 esse
725 1870 818 1929 favos.

492 2004 569 2067 cvl.
591 2005 730 2067 Passum.

175 2102 290 2161 Gnosia
305 2102 430 2162 Minoae
445 2103 552 2180 genuit
566 2100 718 2161 vindemia
732 2102 845 2162 Cretae

216 2185 284 2245 Hoc
299 2187 372 2264 tibi,
396 2185 479 2265 quod
493 2184 624 2245 mulsum
638 2186 783 2266 pauperis
799 2202 868 2244 esse
884 2183 981 2246 solet.

479 2320 570 2382 cvss.
593 2320 742 2381 Roaiam.

173 2417 258 2475 Haeo
275 2416 313 2475 de
329 2418 452 2477 vitifera
467 2420 587 2478 venisse
602 2420 702 2498 picata
720 2418 840 2478 Vienna

215 2500 261 2559 Ne
277 2498 416 2577 dubites,
439 2504 522 2561 misit
536 2500 684 2561 Romulus
698 2502 765 2581 ipse
781 2501 866 2560 mihi.

469 2635 573 2697 cvfll.
596 2634 743 2695 Mulsum.

174 2730 277 2790 Attica
292 2740 471 2792 nectareum
486 2733 617 2791 turbatis
630 2730 723 2791 mella
739 2729 916 2790 Falernum.

215 2816 344 2876 Misceri
360 2815 451 2877 decet
466 2818 526 2875 hoo
541 2837 559 2875 a
574 2814 754 2895 Ganymede
768 2833 896 2878 merum.

474 2950 550 3009 clx.
577 2951 746 3011 Albanum.

172 3060 240 3118 Hoc
256 3059 294 3119 de
311 3061 472 3121 Caesareis
487 3064 570 3122 mitis
586 3062 739 3123 vindemia
753 3059 842 3121 cellis

212 3144 316 3222 Misit,
338 3143 421 3204 luleo
437 3165 515 3224 quae
532 3148 591 3207 sibi
606 3153 710 3206 monte
724 3145 837 3226 placet.

450 3279 514 3340 ΟΧ.
535 3278 766 3342 Surrentinum.

173 3372 356 3435 Surrentina
371 3377 474 3436 bibis?
495 3398 554 3438 neo
573 3379 708 3438 murrina
722 3379 821 3458 pieta,
845 3392 903 3434 neo
919 3394 1032 3436 aurum

214 3457 323 3518 Sume:
346 3458 461 3520 dabunt
476 3461 588 3522 calices
602 3464 679 3521 haee
695 3463 752 3521 tibi
766 3463 835 3519 vina
850 3479 932 3520 suos.
