2370 3924
341 214 681 278 nnoannnnnon
695 218 769 280 ma
785 219 823 283 v.
878 292 883 302 ,
1045 219 1107 284 11a

533 418 638 480 XXIII.

144 531 324 591 Herbarum
338 529 442 589 fueras
457 529 596 608 indutus,
617 532 728 611 Basse,
751 529 890 612 colores,

189 615 259 674 Iura
273 612 436 673 theatralis
451 613 521 674 dum
537 612 654 674 siluere
668 615 740 676 loci.
804 667 809 676 .

145 700 234 774 Quae
249 704 410 777 postquam
424 696 538 776 placidi
552 701 690 759 censoris
702 720 776 760 aura
790 703 911 760 renasci

189 782 281 842 Iussit
296 788 329 840 et
343 780 498 841 Oceanum
514 785 631 842 certior
646 783 731 843 audit
746 801 859 863 eques,

120 865 219 928 bNon
234 865 293 925 nisi
308 864 358 925 vel
374 884 465 924 coeco
484 865 604 925 madida
618 864 667 925 vel
683 869 799 926 murice
813 869 911 928 tincta

190 948 288 1011 Veste
303 950 385 1009 nites
402 955 435 1008 et
448 955 481 1008 te
496 951 541 1009 sio
557 948 631 1010 dare
645 952 739 1010 verba
755 958 852 1030 putas.

146 1031 452 1111 Quadringentorum
466 1031 571 1093 nullae
586 1040 673 1111 sunt,
696 1034 806 1112 Basse,
827 1032 992 1114 lacernae,

189 1117 252 1174 Ant
265 1135 351 1175 meus
367 1121 438 1176 ante
454 1135 560 1176 omnes
575 1115 695 1176 Cordus
709 1118 841 1178 haberet
855 1137 975 1198 equum.

526 1249 634 1311 XXIV.

143 1365 280 1424 Hermes
293 1361 407 1442 Martia
422 1358 538 1421 saeculi
552 1360 707 1442 voluptas,

144 1449 280 1508 Hermes
295 1446 434 1505 omnibus
450 1443 590 1505 eruditus
605 1447 712 1524 armis,

143 1532 281 1592 Hermes
296 1536 329 1589 et
343 1527 493 1606 gladiator
508 1536 541 1588 et
555 1530 716 1607 magister,

144 1616 280 1676 Hermes
293 1614 385 1673 turba
399 1614 445 1673 sui
461 1620 640 1690 tremorque
652 1610 737 1689 ludi,

118 1699 298 1776 oIIermes,
321 1715 411 1776 quem
431 1699 520 1756 timet
534 1695 659 1775 Helius,
682 1695 738 1756 sed
752 1716 860 1777 unum,

143 1783 296 1860 Hermes,
318 1781 367 1841 oui
383 1779 465 1840 eadit
480 1780 650 1859 Aduolans,
673 1780 728 1841 sed
743 1784 812 1861 uni,

142 1867 279 1928 Hermes
292 1866 418 1926 vincere
431 1884 489 1925 nec
503 1865 601 1924 ferire
618 1863 742 1943 doctus,

142 1950 279 2010 Hermes
294 1949 513 2028 suppositicius
528 1950 586 2009 sibi
602 1950 688 2028 ipse,

140 2034 277 2095 Hermes
294 2031 418 2092 divitiae
431 2030 632 2110 locariorum,

92 2119 278 2184 10IIermes
293 2136 365 2176 eura
377 2113 529 2195 laborque
542 2114 713 2193 indiarum,
740 2126 742 2130 '

142 2202 279 2261 Hermes
294 2199 448 2278 beIIIgera
463 2201 614 2279 superbus
628 2200 733 2277 Irasta,
833 2247 836 2254 .

141 2286 278 2345 Hermes
293 2302 448 2363 aequoreo
463 2284 564 2342 minax
578 2281 731 2360 tridente,

141 2369 278 2430 Hermes
293 2366 412 2429 casside
427 2364 573 2444 languida
587 2365 757 2444 timendus,

141 2453 279 2512 Hermes
295 2449 394 2529 gloria
407 2450 518 2511 Martis
536 2451 686 2529 universi,

93 2537 276 2603 15Hermes
291 2535 391 2595 omnia
404 2533 487 2595 solus
502 2541 535 2594 et
548 2542 598 2594 ter
612 2554 699 2598 unus.

536 2675 632 2738 XXV.

142 2786 400 2869 „Quadringenta
414 2789 472 2848 tibi
486 2808 548 2849 non
563 2795 651 2867 sunt,
674 2789 910 2849 Chaerestrate:
931 2806 1040 2867 surge,

186 2871 294 2933 Leitus
309 2891 382 2933 eoae
396 2874 496 2933 venit:
518 2873 563 2932 st!
585 2873 674 2951 fuge,
697 2890 805 2950 curre,
826 2869 923 2933 late.“

138 2957 275 3034 Ecquis,
296 2957 344 3035 io,
365 2963 491 3016 revocat
506 2954 780 3036 discedentemque
796 2955 940 3016 reducit?

185 3040 317 3118 Ecquis,
339 3042 388 3120 io,
410 3039 513 3118 largas
529 3040 637 3120 pandit
652 3043 765 3101 amicus
782 3041 880 3120 opes?

113 3123 240 3200 oQuem
256 3125 372 3185 chartis
392 3125 553 3204 famaeque
574 3123 678 3185 damus
692 3122 877 3205 populisque
889 3123 1103 3205 loquendum?

189 3208 264 3284 Quis
280 3207 406 3288 Stygios
421 3227 483 3268 non
496 3207 563 3269 volt
579 3215 663 3269 totns
679 3209 766 3269 adire
781 3207 890 3269 lacus?

138 3292 229 3370 Hoc,
251 3313 343 3372 rogo,
365 3311 428 3351 non
443 3291 569 3370 melius,
592 3312 679 3371 qnam
696 3295 791 3353 rubro
805 3292 922 3373 pulpita
940 3294 1043 3352 nimbo

186 3374 341 3455 Spargere
358 3384 390 3437 et
406 3376 505 3436 effuso
519 3375 731 3456 permaduisse
747 3377 862 3436 eroco?

141 3459 240 3604 {pinam
254 3480 318 3521 uon
333 3479 462 3521 sensuro
476 3459 550 3519 dare
566 3458 790 3540 quadringenta
803 3457 944 3538 caballo,

185 3563 252 3604 aar.
