2370 3924
340 206 681 269 EPIGRAMMATON
693 208 767 272 LIB.
784 210 834 272 Ill.
1065 211 1107 276 81

144 363 262 424 Pectus
280 359 421 439 cicadae,
440 379 510 420 crus
527 358 676 438 colorque
691 360 854 440 formicae,

146 445 354 524 Rugosiorem
369 462 436 503 cum
451 461 541 521 geras
556 442 636 503 stola
650 444 787 504 frontem

121 531 192 594 unt
207 547 388 588 araneorum
403 528 539 587 cassibus
555 545 645 606 pares
660 545 820 601 mammam

147 614 228 675 (lum
243 618 416 691 comparata
432 612 562 670 rictibus
577 612 638 670 tuis
656 630 709 669 ora

145 696 286 759 Niliacus
300 696 413 754 babeat
430 692 605 755 corcodilus
623 698 751 772 angusta

145 779 326 858 Meliusque
341 797 434 838 ranae
449 779 585 856 garriant
599 778 792 838 Ravennates

146 865 192 926 Et
208 865 354 923 Atrianus
370 860 490 923 dulcius
506 860 594 921 culex
609 866 713 920 cantet

99 947 326 1026 10Videasque
344 952 488 1024 quantum
501 951 632 1005 noctuae
648 944 756 1003 vident
769 963 876 1022 mane,

148 1032 194 1094 Et
206 1028 285 1091 illud
301 1029 385 1090 oleas
405 1027 486 1106 quod
500 1030 559 1088 viri
575 1026 777 1107 capellarum,

146 1117 193 1177 Et
213 1116 310 1174 anatis
324 1114 438 1173 babeas
455 1113 669 1192 orthopygium
684 1130 804 1171 macrae

150 1198 327 1278 Senemque
342 1197 491 1276 cynicum
505 1197 607 1255 vincat
623 1213 728 1255 osseus
744 1215 877 1272 cunnua3

150 1283 229 1343 Cum
243 1290 276 1341 te
289 1279 419 1341 lucerna
433 1278 595 1340 balneator
610 1281 745 1340 extincta

104 1365 303 1429 ledmittat
315 1366 400 1425 inter
418 1365 591 1424 bustuarias
605 1363 764 1437 moechas3

152 1451 231 1511 (lum
245 1451 352 1510 bruma
366 1466 503 1508 mensem
521 1449 562 1506 sit
575 1448 633 1506 tibi
647 1465 705 1526 per
722 1446 889 1524 Augustum

150 1532 305 1613 Regelare
320 1551 379 1592 uec
393 1538 425 1592 te
438 1529 635 1612 pestilentior
650 1530 764 1609 possit:

151 1616 261 1678 Audes
276 1616 424 1678 ducentas
438 1615 584 1695 nuptuire
599 1619 671 1693 post
687 1618 803 1673 mortes

150 1702 322 1779 Virumque
340 1699 467 1760 demens
485 1699 641 1758 cineribus
654 1698 716 1758 tuis
732 1694 854 1775 quaeris

101 1787 290 1850 20Prurire.
320 1783 419 1862 Quid,
441 1784 565 1843 futuere
580 1782 648 1861 quia
662 1779 739 1841 velit
754 1777 880 1840 saxum?

151 1869 229 1946 Quis
244 1871 404 1947 coniugem
418 1873 468 1944 te,
492 1867 560 1946 quis
573 1867 694 1926 vocabit
707 1881 849 1940 uxorem,

149 1951 344 2014 Philomelus
358 1954 452 2013 aviam
469 1971 558 2031 quam
572 1954 733 2010 vocaverat
746 1945 869 2028 nuperi

151 2036 283 2113 Quodsi
298 2035 428 2096 cadaver
442 2036 538 2114 exigis
553 2043 637 2094 tuum
652 2033 762 2113 scalpi,

151 2121 319 2180 Sternatur
337 2140 353 2179 a
368 2120 483 2180 Goride
498 2117 697 2177 archiclinico
711 2117 829 2191 lectus,

99 2217 141 2271 25>
150 2201 365 2264 Talassionem
381 2205 432 2282 qui
447 2209 531 2263 tuum
549 2201 640 2260 decet
656 2199 755 2277 aolus,

148 2288 309 2367 Ustorque
324 2287 431 2348 taedas
448 2286 608 2366 praeferat
622 2303 718 2344 norae
732 2288 860 2361 nuptae:

148 2371 274 2432 lntrare
287 2374 320 2432 in
333 2374 426 2432 istum
442 2371 506 2431 sola
521 2370 571 2429 ian
585 2375 690 2448 potest
704 2383 844 2428 cunnum.

533 2503 640 2565 XCIV.

148 2620 231 2682 Esse
244 2636 339 2697 negas
355 2623 474 2676 coctum
490 2615 632 2696 leporem
646 2621 812 2699 poscisque
826 2622 956 2701 flagella.

195 2700 311 2780 Maria,
332 2701 430 2780 Rufe,
453 2721 559 2761 cocum
575 2701 734 2781 scindere,
759 2723 848 2782 quam
862 2705 1011 2786 leporem.

544 2833 637 2895 XCV.

148 2946 313 3027 Nunquam
329 2945 492 3027 dicisum,
514 2946 570 3008 sed
586 2945 710 3026 reddis,
732 2946 886 3030 Naerole,
909 2969 1048 3030 semper,

196 3029 286 3107 Quod
300 3033 388 3112 prior
402 3039 434 3093 et
446 3052 555 3092 corvus
567 3032 673 3092 dicere
686 3052 778 3114 saepe
795 3033 885 3096 solet.

151 3116 218 3176 cur
233 3117 293 3176 hoc
309 3123 453 3197 expectas
468 3137 484 3175 a
499 3133 547 3176 me
562 3135 654 3195 rogo,
677 3116 829 3196 Naevole,
852 3119 950 3179 dicas:

195 3198 271 3258 Nam
284 3206 360 3280 puto
376 3219 424 3260 me
439 3199 566 3280 melior,
588 3200 736 3278 Naevole,
759 3221 818 3262 nec
833 3205 976 3282 priores.

126 3283 295 3346 5Praemia
309 3282 432 3345 laudato
450 3286 560 3346 tribuit
574 3287 648 3345 mibi
665 3287 778 3346 Caesar
793 3293 925 3365 utcrque

198 3366 408 3446 Natorumque
424 3367 511 3428 dedit
526 3370 592 3428 iura
605 3377 735 3450 paterna
750 3372 861 3445 trium;

151 3451 219 3511 Ore
232 3451 322 3531 legor
337 3451 434 3514 multo
448 3460 615 3532 notumque
630 3473 688 3534 per
703 3454 816 3535 oppida
830 3472 947 3515 nomen

100 3537 219 3602 Maur.
897 3539 919 3602 b
