2346 3938
318 245 657 305 EPIGRAMMATON
672 247 745 308 LlB.
759 247 797 307 X.

93 399 285 475 5lunonem,
307 395 480 476 Polyclito,
503 417 587 457 snam
601 399 662 457 nisi
679 398 777 457 frater
794 405 925 477 amaret,

162 483 308 542 lunonem
323 486 448 560 poterat
463 482 563 540 frater
579 500 682 542 amare
696 488 788 543 tuam.

522 613 587 675 XC.

121 725 203 804 Quid
218 723 307 786 vellis
321 723 474 802 vetulum,
495 725 599 804 Ligia,
621 727 774 787 cunnum?

122 810 204 887 Quid
218 810 300 870 busti
315 810 437 868 eineres
450 810 496 868 tui
512 808 662 870 lacessis?

121 893 216 954 'l'ales
230 890 398 953 munditiae
412 892 526 952 decent
539 893 669 972 puellas.

121 978 197 1037 Nam
212 982 246 1036 tu
258 977 318 1036 iam
333 994 391 1035 nec
408 995 482 1037 anus
496 982 586 1055 potes
599 977 708 1037 videri.

100 1060 224 1138 tlstnd,
247 1059 340 1119 crede
355 1060 446 1137 mihi,
467 1061 569 1138 Ligia,
590 1059 675 1120 belle

121 1146 189 1205 Non
206 1149 303 1203 mater
317 1143 392 1203 facit
405 1144 568 1221 Hectoris,
591 1143 647 1203 aed
660 1163 745 1203 uxor.
839 1182 840 1185 =

120 1230 233 1305 Erras,
257 1228 283 1287 ai
298 1228 356 1288 tibi
370 1246 486 1286 cunnus
500 1227 552 1285 hic
567 1225 705 1303 videtur,

120 1311 171 1372 Ad
186 1329 277 1389 quem
292 1308 427 1371 mentula
440 1311 602 1391 pertinere
617 1308 708 1372 desit.

121 1397 224 1471 Quare
239 1396 265 1454 si
282 1393 382 1474 pudor
396 1402 461 1472 est,
481 1394 585 1472 Ligia,
606 1392 671 1452 noli

86 1479 250 1541 10Barbam
264 1476 384 1538 vellere
401 1486 521 1538 mortno
538 1475 632 1537 leoni.

446 1593 452 1604 '
517 1609 595 1670 xci.

121 1724 238 1784 Omnes
254 1723 410 1783 eunuchos
425 1723 519 1782 habet
532 1722 641 1800 Almo,
662 1739 720 1780 nec
736 1721 846 1799 arrigit
859 1723 945 1802 ipse,

164 1808 206 1867 Et
222 1807 379 1886 queritur,
398 1807 499 1887 pariat
513 1805 595 1884 quod
610 1825 664 1866 sna
677 1802 766 1864 Polla
779 1804 866 1867 nihil

516 1940 606 2001 Xon.

121 2052 221 2130 Mari,
244 2054 366 2132 quietae
382 2051 481 2113 cultor
495 2061 527 2112 et
542 2072 644 2114 comes
659 2055 756 2131 vitae,

123 2137 192 2212 Quo
206 2137 272 2196 cive
286 2138 387 2215 prisca
405 2135 555 2215 gloriatur
569 2138 678 2214 Atina,
765 2164 767 2169 ·

122 2219 188 2278 Has
205 2220 263 2280 tibi
276 2218 422 2298 gemellas
437 2221 561 2280 barbari
576 2218 670 2279 decus
684 2217 749 2279 luci

124 2302 313 2364 Commendo
329 2305 419 2384 pinus
434 2302 584 2381 ilicesque
600 2303 775 2362 Faunorum

99 2388 167 2450 ont
182 2387 351 2448 semidocta
364 2386 447 2448 vilici
461 2405 551 2446 manu
566 2392 697 2445 astructa

124 2470 276 2531 Tonantis
294 2490 361 2530 aras
376 2470 558 2549 horridique
576 2470 705 2547 Silvani,

125 2555 207 2629 Quas
223 2555 323 2635 pinxit
336 2555 406 2632 agni
420 2573 513 2634 saepe
528 2555 649 2632 sanguis
664 2559 717 2613 aut
732 2550 842 2628 haedi,

124 2638 346 2716 Dominamque
361 2641 458 2698 suncti
472 2640 621 2716 virginem
637 2637 725 2706 deam
739 2635 865 2714 templi,

126 2722 168 2781 Et
183 2739 274 2800 quem
289 2723 405 2782 sororis
422 2722 576 2801 hospitem
591 2720 677 2780 rides
696 2725 797 2779 castae

85 2814 118 2865 10
127 2804 262 2865 Martem
276 2824 411 2866 mearum
428 2805 600 2884 principem
615 2799 840 2878 Kalendarum,

126 2889 168 2950 Et
182 2887 334 2949 delicatae
349 2887 488 2949 laureum
501 2905 608 2947 nemus
625 2885 754 2961 Florae,

127 2972 161 3031 ln
177 2970 261 3050 qnod
273 2971 385 3052 Priapo
401 2976 610 3052 persequente
625 2969 772 3048 confugit.

127 3056 196 3115 Hoc
214 3074 304 3116 omne
320 3055 412 3136 agelli
428 3057 502 3116 mite
518 3053 639 3136 parvuli
653 3071 765 3113 numen

127 3138 190 3198 Seu
204 3145 239 3199 tu
254 3159 384 3218 cruore,
406 3141 470 3199 sive
486 3145 556 3198 ture
570 3137 721 3218 placabis:

88 3224 333 3303 15„Ul›icunqne
348 3230 452 3284 vester
468 3221 622 3282 Martialis
638 3219 725 3285 est,“
748 3217 851 3295 dices,

127 3307 231 3385 ,‚Hac,
253 3326 344 3385 ecce,
365 3325 484 3366 mecum
500 3304 627 3365 dextera
641 3303 712 3363 litat
725 3303 811 3361 vobis

128 3390 249 3451 Absens
267 3389 429 3466 sacerdos;
448 3409 502 3449 vos
517 3393 624 3468 putate
639 3391 837 3466 praesentem

128 3474 169 3536 llt
185 3474 256 3535 date
272 3472 390 3535 duobus
406 3470 556 3554 quidquid
572 3469 653 3530 alter
667 3469 817 3549 optabit.“

1015 242 1073 307 251
