2346 3938
307 212 646 277 EPIGRAMMATON
660 214 733 275 Llll.
749 215 800 277 Vl.
1017 216 1080 281 135

164 370 208 430 Ilt
222 385 300 448 quae
317 365 469 446 cecropio
486 371 591 425 monte
606 373 755 444 vagantur
769 387 860 448 apes,

94 455 272 532 bQuseque
288 457 398 510 sonant
411 447 506 530 pleno
521 466 676 529 vocesque
691 471 858 532 munusque
874 454 1015 534 theatro,

166 537 242 598 Gum
256 533 387 616 populus
402 533 497 594 subiti
513 533 724 595 Caesaris‘ora
737 534 830 598 videt.
1070 560 1096 604 a

120 619 201 682 Nolo
218 625 294 699 quot
308 623 415 696 arguto
433 616 522 677 dedit
536 625 662 678 exorata
677 618 800 680 catullo

164 703 291 768 Lesbia:
310 722 406 783 pauca
420 703 523 782 cupit,
546 703 598 780 qui
613 721 777 764 numerare
791 709 904 786 potest.

494 868 621 932 XXXV.

123 1000 250 1080 Septem
266 994 446 1079 clepsydras
462 1016 569 1076 magna
583 997 640 1056 tlbl
655 1016 730 1058 voce
746 1001 867 1078 petenti

163 1084 293 1144 Arbiter
307 1084 437 1161 invitus,
460 1080 655 1159 caeciliane,
678 1079 773 1143 dedit.

122 1168 163 1228 At
177 1173 212 1227 tu
226 1165 322 1226 multa
337 1164 389 1225 diu
404 1165 491 1225 ducis
505 1165 676 1244 vitreisque
692 1171 851 1246 tepentem

163 1249 315 1330 Ampullis
329 1255 419 1329 potos
433 1249 637 1328 semisupinus
653 1269 769 1328 aquam.

101 1335 165 1395 bUt
178 1333 302 1395 tandem
317 1335 411 1393 saties
425 1351 593 1413 vocemque
609 1335 754 1414 sitimque
768 1353 926 1417 rogamus,

161 1418 224 1481 lum
239 1417 280 1482 de
294 1415 473 1499 clepsydra,
496 1415 689 1497 caeciliane,
712 1419 807 1479 bibas.

487 1584 625 1647 XXXVI.

123 1721 267 1786 Mentula
281 1729 344 1782 tam
360 1740 468 1800 magna
483 1727 548 1799 est,
564 1725 694 1799 quantus
710 1719 784 1797 tibi,
806 1717 928 1801 Papile,
949 1739 1058 1800 nasus,

163 1808 208 1869 Ut
222 1808 341 1889 possis,
364 1806 508 1885 quotiens
525 1804 654 1883 arrigis,
676 1801 822 1864 olfacere.

477 1970 629 2033 XXXVll.

120 2087 206 2148 Secti
221 2084 341 2167 podicis
355 2104 453 2162 usque
468 2083 506 2144 ad
521 2081 698 2144 umbilicum

118 2169 226 2232 Nullas
240 2169 400 2247 relliquias
414 2169 511 2228 habet
526 2168 695 2245 Charinus,

118 2257 160 2315 Et
174 2255 276 2336 prurit
289 2259 392 2313 tamen
406 2270 504 2331 usque
519 2251 558 2311 ad
572 2250 756 2310 umbilicum.

120 2338 147 2400 0
163 2344 276 2419 quanta
292 2339 396 2398 scabie
410 2337 505 2397 miser
519 2331 657 2394 laborat!

91 2422 231 2485 oenum
245 2421 432 2499 nonhabet,
455 2425 504 2479 est
520 2424 623 2478 tomen
639 2417 793 2478 cinaedus.

475 2587 640 2649 XXXVlIl.

119 2703 258 2783 Aspicis,
279 2708 314 2763 ut
327 2722 454 2783 parvus,
475 2720 534 2761 nec
549 2701 648 2761 adbuc
664 2698 828 2761 trieteride
844 2698 937 2780 plena

160 2784 299 2866 Regulus
314 2786 449 2847 auditum
463 2783 572 2846 laudet
587 2790 620 2844 et
634 2785 702 2864 ipse
715 2783 861 2864 patrem?

118 2871 342 2950 Maternosque
357 2872 440 2930 sinus
455 2871 519 2929 viso
534 2869 676 2947 genitore
690 2864 847 2946 relinquat

159 2957 203 3016 Et
216 2955 332 3035 patrias
346 2952 456 3014 laudes
468 2955 584 3014 sentiat
598 2970 667 3013 esse
682 2951 774 3012 suas?

99 3037 182 3099 olam
198 3037 314 3100 clamor
329 3044 513 3117 centumque
528 3038 586 3098 viri
601 3036 792 3116 densumque
807 3052 920 3094 corona

161 3120 280 3202 Volgus
295 3129 328 3183 et
341 3124 453 3182 intanti
467 3121 544 3182 Iulia
557 3128 641 3182 tecta
654 3119 788 3201 placent.

123 3207 211 3268 Acris
225 3207 299 3286 equi
313 3205 437 3266 suboles
452 3225 561 3284 magno
576 3207 622 3266 sic
636 3202 766 3284 pulvere
782 3201 914 3282 gaudet,

162 3290 214 3352 Sic
227 3288 342 3350 vitulus
357 3288 444 3350 molli
457 3287 575 3370 praelia
589 3289 694 3349 fronte
710 3289 805 3368 cupit.

123 3372 178 3453 bi,
199 3380 336 3451 servate,
357 3391 488 3454 precor,
510 3373 600 3432 matri
615 3391 669 3432 sua
682 3378 753 3433 vota
766 3372 927 3452 patrique,

90 3457 116 3512 lo
163 3456 276 3519 Audiat
291 3465 326 3518 ut
340 3463 443 3518 natum
457 3453 610 3535 Regulus,
631 3455 687 3516 illa
702 3456 788 3520 duos.

1059 3582 1131 3696 ,Ι
