2370 3924
321 216 674 279 ‚EPIGRAMMATON
688 215 762 280 LlB.
781 218 817 280 X.

142 370 291 448 Quisquis
306 370 369 429 eris
383 370 484 429 nostri
497 377 570 449 post
583 387 632 428 me
649 377 796 448 regnator
811 369 922 449 agelli,

184 453 330 514 Manibus
345 453 462 531 exiguis
478 472 576 513 annua
590 454 670 512 iusta
684 452 764 514 dato.

119 538 200 598 asic
215 535 284 596 lare
298 544 470 617 perpetuo,
493 537 537 596 sic
551 537 641 596 turba
657 538 773 617 sospite
789 536 872 597 solus

184 618 315 680 Flebilis
329 621 362 680 in
377 626 462 679 terra
478 621 519 679 sit
532 619 612 699 lapis
629 621 689 680 iste
704 627 765 681 tua.

467 795 471 803 ,
540 731 630 792 Lx11.

141 828 223 889 Ludi
238 831 399 908 magister,
420 848 514 910 parce
532 828 663 911 simplici
677 833 797 896 turbae.

142 914 195 973 Sic
213 919 245 974 te
258 915 443 993 frequentes
458 913 583 973 audiant
598 913 734 995 capillati

141 998 184 1056 lit
198 996 350 1057 delicatae
366 996 475 1075 diligat
490 998 601 1057 chorus
617 1016 759 1078 mensae,

141 1081 208 1141 Nec
223 1079 408 1158 calculator,
430 1099 489 1140 nec
504 1082 642 1141 notarius
656 1080 747 1142 velox

118 1165 266 1226 5Maiore
283 1165 441 1244 quisquam
457 1163 572 1224 circulo
587 1168 777 1228 coronetur.'

141 1246 241 1308 Albae
254 1246 349 1308 leone
364 1248 505 1307 flammeo
524 1247 626 1308 calent
639 1247 728 1308 luces

141 1332 333 1410 Tostamque
346 1332 472 1391 fervens
486 1329 581 1391 lulius
599 1334 703 1411 coquit
718 1350 859 1395 messem.

142 1417 265 1476 Cirrata
277 1415 357 1475 loris
371 1415 508 1476 horridis
524 1415 658 1494 Scythae
672 1414 783 1496 pellis,

142 1500 210 1576 Qua
223 1497 376 1581 vapulavit
389 1500 530 1578 Marsyas
546 1498 754 1579 Celaenaeos,

96 1581 338 1662 10Ferulaeque
352 1584 477 1661 tristes,
500 1590 624 1662 sceptra
639 1584 903 1664 paedagogorum,

142 1668 277 1727 Cessent
291 1671 324 1727 et
338 1665 409 1726 Idus
424 1665 578 1726 dormiant
591 1669 622 1728 in
639 1667 808 1728 Octobres:

139 1751 270 1811 Aestate
283 1751 375 1831 pueri
389 1751 416 1810 si
429 1748 549 1829 valent,
571 1753 645 1811 satis
661 1751 791 1812 discunt.

527 1861 629 1923 LXlll.

140 1958 296 2018 Marmora
309 1978 403 2038 parra
419 1957 559 2038 quidem,
579 1960 711 2021 sednon
727 1979 867 2038 cessura,
888 1961 1006 2037 viator,

184 2039 320 2102 Mausoli
336 2043 415 2103 saxis
431 2043 685 2123 pyramidumque
698 2044 788 2123 legis.

140 2126 195 2185 Bis
211 2143 279 2186 mea
292 2125 429 2186 Romano
445 2133 583 2206 spectata
599 2134 648 2188 est
662 2129 725 2188 vita
740 2128 895 2206 Tarento,

183 2210 225 2269 Et
238 2207 319 2268 nibil
335 2216 490 2270 extremos
504 2209 644 2289 perdidit
658 2215 730 2270 ante
745 2229 847 2288 rogos.

118 2294 289 2371 bQuinque
306 2292 394 2353 dedit
407 2312 539 2372 pueros,
561 2293 691 2354 totidem
707 2295 782 2353 mibi
797 2294 870 2353 luno
887 2291 1023 2375 puellas:

184 2375 351 2437 Cluserunt
366 2395 472 2438 omues
487 2375 602 2438 lumina
615 2384 722 2439 nostra
740 2397 857 2439 manus.

140 2461 281 2539 Contigit
296 2467 329 2521 et
343 2459 470 2520 thalami
485 2463 560 2522 mihi
575 2461 674 2542 gloria
687 2483 757 2522 rara
770 2463 892 2542 fuitque

182 2543 250 2604 Una
264 2544 433 2624 pudicitiae
448 2545 583 2606 mentula
600 2553 673 2608 nota
686 2565 783 2609 meae.

522 2657 629 2721 LXIV.

139 2753 318 2831 Contigeris
333 2754 441 2832 regina
457 2773 541 2815 meos
557 2756 583 2814 si
599 2753 690 2814 Polla
703 2752 846 2831 libellos,

182 2836 252 2897 Non
265 2838 379 2918 tetrica
392 2845 515 2898 nostros
531 2839 639 2917 excipe
655 2838 760 2896 fronte
774 2838 868 2898 iocos.

136 2918 196 2981 llle
212 2926 283 2980 tuus
297 2927 400 2999 vates,
422 2921 583 2982 Heliconis
601 2921 698 3000 gloria
711 2921 827 2998 nostri,
855 2939 858 2946 ·

180 3004 285 3064 Pieria
302 3011 429 3065 caneret
444 3025 510 3066 cum
525 3006 593 3066 fera
607 3004 689 3066 bella
703 3007 793 3083 tuba,

114 3087 210 3150 tNon
224 3093 328 3149 tamen
343 3091 467 3149 erubuit
480 3089 593 3150 lascivo
611 3089 716 3150 dicere
730 3107 821 3148 versu

181 3171 237 3250 „Si
251 3190 310 3233 uec
323 3172 487 3254 paedicor,
511 3175 617 3252 Cotta,
640 3174 714 3253 qaid
728 3173 779 3232 bic
793 3170 921 3233 iacioii‘

523 3283 616 3346 LXV.

137 3384 217 3445 (lum
231 3389 264 3444 te
278 3383 462 3464 municipem
477 3382 707 3444 Corinthiorum

136 3468 257 3546 lactes,
276 3467 501 3547 Charmenion,
522 3471 655 3545 negante
671 3462 776 3547 nullo,

841 3546 909 3614 lb*

1041 219 1104 285 ‘243
