2370 3924
124 237 186 303 144
445 232 490 296 Μ.
504 232 597 297 VAL.
614 229 840 294 MARTIALIS

597 434 690 496 LXX.

207 553 417 633 Sexagesimu,
439 551 615 629 Marciano,
635 549 744 610 messis

206 639 284 699 Acta
299 642 410 713 estet,
431 643 524 715 puto,
546 636 606 694 iam
620 631 755 694 secunda
770 632 900 715 cottae,

206 722 272 783 Nec
287 740 321 781 se
337 719 441 780 taedia
453 717 563 780 lectuli
578 717 707 778 calentis

205 807 375 885 Expertum
389 803 529 863 memInit
544 800 595 862 die
610 800 660 862 vel
673 821 743 862 uno.

183 887 353 954 50stendit
368 886 512 965 digitum,
534 885 590 946 sed
604 885 807 966 impudicum,
870 886 878 900 '

206 971 333 1035 Alconti
349 971 503 1049 Dasioque
516 970 768 1049 symmachoque.

206 1058 249 1117 At
262 1056 361 1115 nostri
375 1057 456 1116 henc
472 1060 689 1134 computentur
704 1053 774 1113 euni

207 1142 249 1203 Et
265 1145 410 1218 quantum
425 1138 558 1199 tetricae
572 1137 674 1198 tulere
693 1137 817 1214 febres,

207 1226 269 1285 Aut
282 1222 412 1300 languor
427 1223 543 1302 gravis,
565 1229 616 1282 aut
631 1220 702 1282 mali
718 1218 860 1300 dolores,
932 1255 934 1260 s

166 1310 234 1371 1οΑ
249 1309 311 1369 vita
325 1306 455 1367 meliore
470 1313 670 1387 separentur:

126 1395 130 1400 “
206 1393 344 1454 inianter
360 1410 479 1469 sumus,
499 1397 532 1450 et
546 1408 638 1450 senes
653 1387 802 1451 videmur.

206 1478 349 1538 Aetatem
363 1474 540 1553 Priamique
555 1475 758 1552 Nestorisque

206 1560 342 1639 Longam
360 1560 411 1637 qui
425 1565 513 1640 putat
528 1577 615 1637 esse,
633 1558 809 1636 Marciaue,

206 1644 340 1706 Multum
354 1642 571 1723 decipiturque
584 1640 774 1721 falliturque.

166 1729 272 1791 15Non
288 1735 337 1788 est
351 1729 470 1806 viuere,
494 1726 550 1788 sed
565 1724 668 1786 valere
682 1727 743 1786 vitu
758 1731 815 1785 cst.

592 1860 697 1920 LXXI.

185 1979 188 1986 '
206 1971 311 2033 Edere
326 1972 457 2034 lascivos
473 1972 511 2034 ad
524 1975 650 2035 Baetica
667 1977 817 2033 crusmata
830 1976 935 2050 gestus

247 2056 289 2117 Et
307 2055 467 2118 Gaditanis
481 2057 592 2118 ludere
607 2056 697 2117 docta
709 2056 823 2133 modia,

207 2138 355 2201 Tendere
371 2161 447 2222 quae
463 2141 627 2202 tremulum
642 2140 750 2201 Pelian
766 2141 978 2219 Hecubaeque
993 2139 1125 2201 maritum

247 2224 359 2286 Posset
373 2226 412 2287 ad
425 2227 601 2287 Hectoreos
617 2223 787 2286 sollicitare
802 2235 912 2304 rogos,

163 2306 259 2368 oUrit
274 2316 307 2369 et
322 2312 479 2371 excruciat
494 2310 647 2370 dominum
666 2309 835 2369 Telethusa
850 2310 1004 2389 priorem:

250 2392 573 2472 Vendiditancillam,
594 2414 676 2454 nunc
691 2389 816 2454 redimit
835 2392 997 2454 domiuum.

582 2527 702 2588 LXXII.

204 2639 269 2700 Fur
283 2648 374 2702 notae
389 2642 514 2701 nlmium
531 2643 707 2721 rapacitatis

206 2724 380 2804 compilare
394 2726 473 2788 cilix
486 2724 610 2786 volebat
624 2726 763 2802 hortum,

206 2808 328 2888 Ingenti
344 2811 401 2872 sed
418 2820 501 2889 erat,
521 2808 667 2887 Fabulle,
689 2810 721 2867 ln
737 2810 829 2868 horto

206 2892 339 2955 Praeter
358 2915 561 2956 marmoreum
576 2893 653 2954 nihil
667 2892 821 2973 Priapum.

92 3006 95 3011 ·
183 2976 286 3037 fillum
299 2998 362 3039 non
375 2977 442 3040 volt
456 2998 549 3039 vacua
563 2997 655 3037 mann
668 2976 791 3054 redire,

94 3058 101 3107 -’
204 3059 305 3141 Ipsum
319 3063 468 3142 surripuit
483 3060 564 3121 cilix
577 3060 731 3140 Priapum.

581 3194 714 3256 LXXIII.

201 3304 273 3366 Non
286 3304 372 3366 rudia
386 3301 511 3366 Inducta
526 3308 602 3368 fecit
615 3328 664 3369 me
678 3307 759 3368 falce
775 3306 918 3368 colonus:

246 3390 475 3470 Dispensatoris
490 3392 596 3452 nobile
613 3395 715 3454 cernis
731 3412 816 3473 opus.

201 3466 279 3536 Nam
294 3475 460 3537 Caeretani
476 3475 577 3537 cultor
591 3479 768 3538 notissimus
783 3477 849 3556 agri
