<?xml version="1.0" encoding="UTF-8"?>
<!DOCTYPE html PUBLIC "-//W3C//DTD XHTML 1.0 Transitional//EN"
    "http://www.w3.org/TR/xhtml1/DTD/xhtml1-transitional.dtd">
<html xmlns="http://www.w3.org/1999/xhtml" xml:lang="en" lang="en">
 <head>
  <title>
</title>
<meta http-equiv="Content-Type" content="text/html;charset=utf-8" />
  <meta name='ocr-system' content='tesseract 3.04.00' />
  <meta name='ocr-capabilities' content='ocr_page ocr_carea ocr_par ocr_line ocrx_word'/>
</head>
<body>
  <div class='ocr_page' id='page_1' title='image "./epigrammatonlib02martgoog_0165.png"; bbox 0 0 2370 3924; ppageno 0'>
   <div class='ocr_carea' id='block_1_1' title="bbox 447 223 846 288">
    <p class='ocr_par' dir='ltr' id='par_1_1' title="bbox 447 223 846 288">
     <span class='ocr_line' id='line_1_1' title="bbox 447 223 846 288; baseline -0.003 -2"><span class='ocrx_word' id='word_1_1' title='bbox 447 226 492 287; x_wconf 83' lang='grc' dir='ltr'><strong>Μ.</strong></span> <span class='ocrx_word' id='word_1_2' title='bbox 508 224 602 288; x_wconf 82' lang='lat' dir='ltr'><strong>VAL.</strong></span> <span class='ocrx_word' id='word_1_3' title='bbox 617 223 846 285; x_wconf 65' lang='lat' dir='ltr'><strong>maurianis</strong></span> 
     </span>
    </p>
   </div>
   <div class='ocr_carea' id='block_1_2' title="bbox 609 427 675 489">
    <p class='ocr_par' dir='ltr' id='par_1_2' title="bbox 609 427 675 489">
     <span class='ocr_line' id='line_1_2' title="bbox 609 427 675 489; baseline 0.03 -2"><span class='ocrx_word' id='word_1_4' title='bbox 609 427 675 489; x_wconf 88' lang='lat' dir='ltr'><strong>LV.</strong></span> 
     </span>
    </p>
   </div>
   <div class='ocr_carea' id='block_1_3' title="bbox 78 541 812 959">
    <p class='ocr_par' dir='ltr' id='par_1_3' title="bbox 78 541 812 959">
     <span class='ocr_line' id='line_1_3' title="bbox 203 541 809 623; baseline -0.008 -20"><span class='ocrx_word' id='word_1_5' title='bbox 203 541 295 621; x_wconf 78' lang='lat' dir='ltr'><strong>Quod</strong></span> <span class='ocrx_word' id='word_1_6' title='bbox 308 561 432 623; x_wconf 88' lang='lat' dir='ltr'><strong>semper</strong></span> <span class='ocrx_word' id='word_1_7' title='bbox 448 543 591 619; x_wconf 86' lang='lat' dir='ltr'><strong>casiaque</strong></span> <span class='ocrx_word' id='word_1_8' title='bbox 606 541 809 619; x_wconf 89' lang='lat' dir='ltr'><strong>cinnamoque</strong></span> 
     </span>
     <span class='ocr_line' id='line_1_4' title="bbox 201 625 703 705; baseline -0.012 -18"><span class='ocrx_word' id='word_1_9' title='bbox 201 629 245 688; x_wconf 83' lang='lat' dir='ltr'><strong>Et</strong></span> <span class='ocrx_word' id='word_1_10' title='bbox 259 625 332 687; x_wconf 90' lang='lat' dir='ltr'><strong>nido</strong></span> <span class='ocrx_word' id='word_1_11' title='bbox 347 629 437 705; x_wconf 80' lang='lat' dir='ltr'><strong>niger</strong></span> <span class='ocrx_word' id='word_1_12' title='bbox 451 626 533 687; x_wconf 84' lang='lat' dir='ltr'><strong>alitis</strong></span> <span class='ocrx_word' id='word_1_13' title='bbox 551 625 703 704; x_wconf 74' lang='lat' dir='ltr'>superbae</span> 
     </span>
     <span class='ocr_line' id='line_1_5' title="bbox 202 708 722 792; baseline -0.015 -19"><span class='ocrx_word' id='word_1_14' title='bbox 202 711 335 789; x_wconf 81' lang='lat' dir='ltr'><strong>Fragras</strong></span> <span class='ocrx_word' id='word_1_15' title='bbox 349 708 494 792; x_wconf 86' lang='lat' dir='ltr'><strong>plumbea</strong></span> <span class='ocrx_word' id='word_1_16' title='bbox 506 708 722 784; x_wconf 73' lang='lat' dir='ltr'><strong>Nicerotiana,</strong></span> 
     </span>
     <span class='ocr_line' id='line_1_6' title="bbox 78 789 799 872; baseline -0.011 -16"><span class='ocrx_word' id='word_1_17' title='bbox 78 858 83 866; x_wconf 72' lang='grc'><em>,</em></span> <span class='ocrx_word' id='word_1_18' title='bbox 204 793 301 855; x_wconf 81' lang='lat' dir='ltr'><strong>Rides</strong></span> <span class='ocrx_word' id='word_1_19' title='bbox 315 815 389 872; x_wconf 81' lang='lat' dir='ltr'><strong>nos,</strong></span> <span class='ocrx_word' id='word_1_20' title='bbox 409 795 579 870; x_wconf 79' lang='lat' dir='ltr'><strong>concine,</strong></span> <span class='ocrx_word' id='word_1_21' title='bbox 599 789 645 850; x_wconf 93' lang='lat' dir='ltr'><strong>nil</strong></span> <span class='ocrx_word' id='word_1_22' title='bbox 660 789 799 850; x_wconf 86' lang='lat' dir='ltr'><strong>olentes:</strong></span> 
     </span>
     <span class='ocr_line' id='line_1_7' title="bbox 110 873 812 959; baseline -0.011 -19"><span class='ocrx_word' id='word_1_23' title='bbox 110 912 130 939; x_wconf 83' lang='lat'>·..-</span> <span class='ocrx_word' id='word_1_24' title='bbox 180 876 305 959; x_wconf 75' lang='lat' dir='ltr'><strong>tMalo,</strong></span> <span class='ocrx_word' id='word_1_25' title='bbox 326 879 513 959; x_wconf 87' lang='lat' dir='ltr'><strong>quambene</strong></span> <span class='ocrx_word' id='word_1_26' title='bbox 529 875 634 952; x_wconf 88' lang='lat' dir='ltr'><strong>olere,</strong></span> <span class='ocrx_word' id='word_1_27' title='bbox 655 873 701 934; x_wconf 91' lang='lat' dir='ltr'><strong>nil</strong></span> <span class='ocrx_word' id='word_1_28' title='bbox 715 873 812 934; x_wconf 88' lang='lat' dir='ltr'><strong>olere.</strong></span> 
     </span>
    </p>
   </div>
   <div class='ocr_carea' id='block_1_4' title="bbox 605 1009 684 1072">
    <p class='ocr_par' dir='ltr' id='par_1_4' title="bbox 605 1009 684 1072">
     <span class='ocr_line' id='line_1_8' title="bbox 605 1009 684 1072; baseline 0.025 -2"><span class='ocrx_word' id='word_1_29' title='bbox 605 1009 684 1072; x_wconf 87' lang='lat' dir='ltr'>LVI.</span> 
     </span>
    </p>
   </div>
   <div class='ocr_carea' id='block_1_5' title="bbox 186 1119 1096 1626">
    <p class='ocr_par' dir='ltr' id='par_1_5' title="bbox 207 1119 988 1288">
     <span class='ocr_line' id='line_1_9' title="bbox 207 1119 988 1202; baseline -0.001 -18"><span class='ocrx_word' id='word_1_30' title='bbox 207 1122 297 1202; x_wconf 83' lang='lat' dir='ltr'><strong>Quod</strong></span> <span class='ocrx_word' id='word_1_31' title='bbox 312 1124 370 1183; x_wconf 86' lang='lat' dir='ltr'><strong>tihi</strong></span> <span class='ocrx_word' id='word_1_32' title='bbox 382 1142 473 1184; x_wconf 86' lang='lat' dir='ltr'><strong>crura</strong></span> <span class='ocrx_word' id='word_1_33' title='bbox 486 1124 590 1201; x_wconf 89' lang='lat' dir='ltr'><strong>rigent</strong></span> <span class='ocrx_word' id='word_1_34' title='bbox 607 1123 683 1182; x_wconf 82' lang='lat' dir='ltr'><strong>setis</strong></span> <span class='ocrx_word' id='word_1_35' title='bbox 697 1128 731 1182; x_wconf 92' lang='lat' dir='ltr'><strong>et</strong></span> <span class='ocrx_word' id='word_1_36' title='bbox 744 1126 873 1201; x_wconf 76' lang='lat' dir='ltr'><strong>pectore</strong></span> <span class='ocrx_word' id='word_1_37' title='bbox 886 1119 988 1200; x_wconf 77' lang='lat' dir='ltr'><strong>uillis,</strong></span> 
     </span>
     <span class='ocr_line' id='line_1_10' title="bbox 247 1204 979 1288; baseline -0.005 -18"><span class='ocrx_word' id='word_1_38' title='bbox 247 1207 354 1271; x_wconf 86' lang='lat' dir='ltr'><strong>Verba</strong></span> <span class='ocrx_word' id='word_1_39' title='bbox 367 1215 456 1288; x_wconf 85' lang='lat' dir='ltr'><strong>putas</strong></span> <span class='ocrx_word' id='word_1_40' title='bbox 469 1206 568 1267; x_wconf 84' lang='lat' dir='ltr'><strong>famae</strong></span> <span class='ocrx_word' id='word_1_41' title='bbox 581 1213 632 1283; x_wconf 87' lang='lat' dir='ltr'><strong>te,</strong></span> <span class='ocrx_word' id='word_1_42' title='bbox 653 1204 856 1283; x_wconf 80' lang='lat' dir='ltr'><strong>charideme,</strong></span> <span class='ocrx_word' id='word_1_43' title='bbox 878 1204 979 1266; x_wconf 78' lang='lat' dir='ltr'><strong>darei</strong></span> 
     </span>
    </p>

    <p class='ocr_par' dir='ltr' id='par_1_6' title="bbox 205 1288 965 1457">
     <span class='ocr_line' id='line_1_11' title="bbox 205 1288 965 1372; baseline -0.005 -18"><span class='ocrx_word' id='word_1_44' title='bbox 205 1293 350 1372; x_wconf 82' lang='lat' dir='ltr'><strong>Extirpa,</strong></span> <span class='ocrx_word' id='word_1_45' title='bbox 371 1293 447 1352; x_wconf 85' lang='lat' dir='ltr'><strong>milri</strong></span> <span class='ocrx_word' id='word_1_46' title='bbox 461 1289 573 1369; x_wconf 86' lang='lat' dir='ltr'><strong>crede,</strong></span> <span class='ocrx_word' id='word_1_47' title='bbox 594 1289 676 1370; x_wconf 92' lang='lat' dir='ltr'><strong>pilos</strong></span> <span class='ocrx_word' id='word_1_48' title='bbox 691 1288 731 1350; x_wconf 86' lang='lat' dir='ltr'><strong>de</strong></span> <span class='ocrx_word' id='word_1_49' title='bbox 749 1308 882 1370; x_wconf 90' lang='lat' dir='ltr'><strong>corpore</strong></span> <span class='ocrx_word' id='word_1_50' title='bbox 898 1295 965 1351; x_wconf 88' lang='lat' dir='ltr'><strong>toto</strong></span> 
     </span>
     <span class='ocr_line' id='line_1_12' title="bbox 248 1374 853 1457; baseline -0.003 -20"><span class='ocrx_word' id='word_1_51' title='bbox 248 1377 359 1454; x_wconf 87' lang='lat' dir='ltr'><strong>Teque</strong></span> <span class='ocrx_word' id='word_1_52' title='bbox 373 1374 473 1457; x_wconf 91' lang='lat' dir='ltr'><strong>pilare</strong></span> <span class='ocrx_word' id='word_1_53' title='bbox 489 1381 556 1434; x_wconf 87' lang='lat' dir='ltr'><strong>tuas</strong></span> <span class='ocrx_word' id='word_1_54' title='bbox 571 1375 741 1434; x_wconf 78' lang='lat' dir='ltr'><strong>testificare</strong></span> <span class='ocrx_word' id='word_1_55' title='bbox 756 1379 853 1436; x_wconf 89' lang='lat' dir='ltr'><strong>uates.</strong></span> 
     </span>
    </p>

    <p class='ocr_par' dir='ltr' id='par_1_7' title="bbox 186 1455 1096 1626">
     <span class='ocr_line' id='line_1_13' title="bbox 186 1455 1096 1541; baseline -0.005 -18"><span class='ocrx_word' id='word_1_56' title='bbox 186 1462 317 1541; x_wconf 83' lang='lat' dir='ltr'><strong>5„Quae</strong></span> <span class='ocrx_word' id='word_1_57' title='bbox 331 1462 410 1521; x_wconf 90' lang='lat' dir='ltr'><strong>ratio</strong></span> <span class='ocrx_word' id='word_1_58' title='bbox 426 1459 518 1520; x_wconf 79' lang='lat' dir='ltr'><strong>csti“</strong></span> <span class='ocrx_word' id='word_1_59' title='bbox 532 1459 651 1537; x_wconf 80' lang='lat' dir='ltr'><strong>inquis;</strong></span> <span class='ocrx_word' id='word_1_60' title='bbox 673 1460 733 1519; x_wconf 89' lang='lat' dir='ltr'><strong>scia</strong></span> <span class='ocrx_word' id='word_1_61' title='bbox 747 1455 859 1517; x_wconf 89' lang='lat' dir='ltr'><strong>multos</strong></span> <span class='ocrx_word' id='word_1_62' title='bbox 875 1455 984 1517; x_wconf 82' lang='lat' dir='ltr'><strong>(licere</strong></span> <span class='ocrx_word' id='word_1_63' title='bbox 999 1455 1096 1518; x_wconf 84' lang='lat' dir='ltr'><strong>multa</strong></span> 
     </span>
     <span class='ocr_line' id='line_1_14' title="bbox 247 1541 909 1626; baseline -0.005 -20"><span class='ocrx_word' id='word_1_64' title='bbox 247 1545 310 1607; x_wconf 84' lang='lat' dir='ltr'><strong>Fac</strong></span> <span class='ocrx_word' id='word_1_65' title='bbox 324 1544 481 1626; x_wconf 81' lang='lat' dir='ltr'><strong>paedicari</strong></span> <span class='ocrx_word' id='word_1_66' title='bbox 493 1550 543 1622; x_wconf 88' lang='lat' dir='ltr'><strong>te,</strong></span> <span class='ocrx_word' id='word_1_67' title='bbox 566 1541 769 1621; x_wconf 79' lang='lat' dir='ltr'><strong>charideme,</strong></span> <span class='ocrx_word' id='word_1_68' title='bbox 788 1546 909 1623; x_wconf 80' lang='lat' dir='ltr'><strong>putent</strong></span> 
     </span>
    </p>
   </div>
   <div class='ocr_carea' id='block_1_6' title="bbox 599 1677 692 1740">
    <p class='ocr_par' dir='ltr' id='par_1_8' title="bbox 599 1677 692 1740">
     <span class='ocr_line' id='line_1_15' title="bbox 599 1677 692 1740; baseline 0.043 -3"><span class='ocrx_word' id='word_1_69' title='bbox 599 1677 692 1740; x_wconf 85' lang='lat' dir='ltr'>LVII.</span> 
     </span>
    </p>
   </div>
   <div class='ocr_carea' id='block_1_7' title="bbox 206 1786 1001 2124">
    <p class='ocr_par' dir='ltr' id='par_1_9' title="bbox 206 1786 966 1955">
     <span class='ocr_line' id='line_1_16' title="bbox 206 1786 966 1869; baseline -0.011 -14"><span class='ocrx_word' id='word_1_70' title='bbox 206 1794 353 1855; x_wconf 82' lang='lat' dir='ltr'><strong>Mentiris</strong></span> <span class='ocrx_word' id='word_1_71' title='bbox 367 1793 457 1852; x_wconf 87' lang='lat' dir='ltr'><strong>flctos</strong></span> <span class='ocrx_word' id='word_1_72' title='bbox 474 1796 646 1869; x_wconf 88' lang='lat' dir='ltr'><strong>unguento,</strong></span> <span class='ocrx_word' id='word_1_73' title='bbox 667 1789 812 1867; x_wconf 86' lang='lat' dir='ltr'><strong>Phoebe,</strong></span> <span class='ocrx_word' id='word_1_74' title='bbox 835 1786 966 1868; x_wconf 78' lang='lat' dir='ltr'><strong>capillos</strong></span> 
     </span>
     <span class='ocr_line' id='line_1_17' title="bbox 249 1871 886 1955; baseline -0.009 -18"><span class='ocrx_word' id='word_1_75' title='bbox 249 1879 291 1937; x_wconf 83' lang='lat' dir='ltr'><strong>Et</strong></span> <span class='ocrx_word' id='word_1_76' title='bbox 304 1878 420 1954; x_wconf 87' lang='lat' dir='ltr'><strong>tegitur</strong></span> <span class='ocrx_word' id='word_1_77' title='bbox 435 1877 527 1955; x_wconf 85' lang='lat' dir='ltr'><strong>pictis</strong></span> <span class='ocrx_word' id='word_1_78' title='bbox 543 1873 668 1934; x_wconf 86' lang='lat' dir='ltr'><strong>sordida</strong></span> <span class='ocrx_word' id='word_1_79' title='bbox 683 1871 767 1933; x_wconf 86' lang='lat' dir='ltr'><strong>calva</strong></span> <span class='ocrx_word' id='word_1_80' title='bbox 783 1873 886 1932; x_wconf 90' lang='lat' dir='ltr'><strong>comis.</strong></span> 
     </span>
    </p>

    <p class='ocr_par' dir='ltr' id='par_1_10' title="bbox 209 1957 1001 2124">
     <span class='ocr_line' id='line_1_18' title="bbox 209 1957 957 2040; baseline -0.008 -20"><span class='ocrx_word' id='word_1_81' title='bbox 209 1961 381 2021; x_wconf 83' lang='lat' dir='ltr'><strong>Tonsorem</strong></span> <span class='ocrx_word' id='word_1_82' title='bbox 396 1960 491 2040; x_wconf 90' lang='lat' dir='ltr'><strong>capiti</strong></span> <span class='ocrx_word' id='word_1_83' title='bbox 504 1978 567 2018; x_wconf 92' lang='lat' dir='ltr'><strong>non</strong></span> <span class='ocrx_word' id='word_1_84' title='bbox 582 1965 631 2019; x_wconf 91' lang='lat' dir='ltr'><strong>est</strong></span> <span class='ocrx_word' id='word_1_85' title='bbox 648 1957 797 2017; x_wconf 89' lang='lat' dir='ltr'><strong>adhibere</strong></span> <span class='ocrx_word' id='word_1_86' title='bbox 812 1974 957 2016; x_wconf 89' lang='lat' dir='ltr'><strong>necesse:</strong></span> 
     </span>
     <span class='ocr_line' id='line_1_19' title="bbox 249 2041 1001 2124; baseline -0.004 -20"><span class='ocrx_word' id='word_1_87' title='bbox 249 2044 373 2104; x_wconf 86' lang='lat' dir='ltr'><strong>Radere</strong></span> <span class='ocrx_word' id='word_1_88' title='bbox 386 2050 419 2104; x_wconf 89' lang='lat' dir='ltr'><strong>tc</strong></span> <span class='ocrx_word' id='word_1_89' title='bbox 434 2041 545 2104; x_wconf 86' lang='lat' dir='ltr'><strong>melius</strong></span> <span class='ocrx_word' id='word_1_90' title='bbox 560 2044 704 2124; x_wconf 77' lang='lat' dir='ltr'><strong>spongia,</strong></span> <span class='ocrx_word' id='word_1_91' title='bbox 724 2041 867 2119; x_wconf 90' lang='lat' dir='ltr'><strong>Phoebe,</strong></span> <span class='ocrx_word' id='word_1_92' title='bbox 886 2046 1001 2120; x_wconf 87' lang='lat' dir='ltr'><strong>potest.</strong></span> 
     </span>
    </p>
   </div>
   <div class='ocr_carea' id='block_1_8' title="bbox 592 2191 697 2254">
    <p class='ocr_par' dir='ltr' id='par_1_11' title="bbox 592 2191 697 2254">
     <span class='ocr_line' id='line_1_20' title="bbox 592 2191 697 2254; baseline 0 -2"><span class='ocrx_word' id='word_1_93' title='bbox 592 2191 697 2254; x_wconf 90' lang='lat' dir='ltr'><strong>LVlll.</strong></span> 
     </span>
    </p>
   </div>
   <div class='ocr_carea' id='block_1_9' title="bbox 187 2301 1059 2970">
    <p class='ocr_par' dir='ltr' id='par_1_12' title="bbox 210 2301 1059 2469">
     <span class='ocr_line' id='line_1_21' title="bbox 210 2301 1059 2383; baseline -0.005 -15"><span class='ocrx_word' id='word_1_94' title='bbox 210 2309 350 2369; x_wconf 82' lang='lat' dir='ltr'><strong>Cernere</strong></span> <span class='ocrx_word' id='word_1_95' title='bbox 365 2307 546 2366; x_wconf 88' lang='lat' dir='ltr'><strong>Parrhasios</strong></span> <span class='ocrx_word' id='word_1_96' title='bbox 562 2303 632 2364; x_wconf 90' lang='lat' dir='ltr'><strong>dum</strong></span> <span class='ocrx_word' id='word_1_97' title='bbox 648 2311 680 2364; x_wconf 92' lang='lat' dir='ltr'><strong>te</strong></span> <span class='ocrx_word' id='word_1_98' title='bbox 696 2305 798 2381; x_wconf 86' lang='lat' dir='ltr'><strong>iuvat,</strong></span> <span class='ocrx_word' id='word_1_99' title='bbox 819 2301 918 2383; x_wconf 85' lang='lat' dir='ltr'><strong>Aule,</strong></span> <span class='ocrx_word' id='word_1_100' title='bbox 940 2304 1059 2366; x_wconf 85' lang='lat' dir='ltr'><strong>triones</strong></span> 
     </span>
     <span class='ocr_line' id='line_1_22' title="bbox 251 2385 870 2469; baseline -0.006 -18"><span class='ocrx_word' id='word_1_101' title='bbox 251 2393 396 2452; x_wconf 80' lang='lat' dir='ltr'><strong>Cominus</strong></span> <span class='ocrx_word' id='word_1_102' title='bbox 411 2398 443 2449; x_wconf 91' lang='lat' dir='ltr'><strong>et</strong></span> <span class='ocrx_word' id='word_1_103' title='bbox 457 2391 559 2449; x_wconf 84' lang='lat' dir='ltr'><strong>Getici</strong></span> <span class='ocrx_word' id='word_1_104' title='bbox 575 2389 678 2449; x_wconf 85' lang='lat' dir='ltr'><strong>sidera</strong></span> <span class='ocrx_word' id='word_1_105' title='bbox 691 2389 777 2448; x_wconf 87' lang='lat' dir='ltr'><strong>ferre</strong></span> <span class='ocrx_word' id='word_1_106' title='bbox 789 2385 870 2469; x_wconf 90' lang='lat' dir='ltr'><strong>poli,</strong></span> 
     </span>
    </p>

    <p class='ocr_par' dir='ltr' id='par_1_13' title="bbox 210 2470 1024 2638">
     <span class='ocr_line' id='line_1_23' title="bbox 210 2470 1024 2554; baseline -0.004 -18"><span class='ocrx_word' id='word_1_107' title='bbox 210 2476 339 2554; x_wconf 89' lang='lat' dir='ltr'><strong>0quam</strong></span> <span class='ocrx_word' id='word_1_108' title='bbox 353 2493 452 2554; x_wconf 90' lang='lat' dir='ltr'><strong>paene</strong></span> <span class='ocrx_word' id='word_1_109' title='bbox 468 2474 525 2532; x_wconf 90' lang='lat' dir='ltr'><strong>tibi</strong></span> <span class='ocrx_word' id='word_1_110' title='bbox 540 2473 662 2552; x_wconf 81' lang='lat' dir='ltr'><strong>Stygias</strong></span> <span class='ocrx_word' id='word_1_111' title='bbox 678 2492 735 2551; x_wconf 87' lang='lat' dir='ltr'><strong>ego</strong></span> <span class='ocrx_word' id='word_1_112' title='bbox 751 2479 856 2551; x_wconf 88' lang='lat' dir='ltr'><strong>raptus</strong></span> <span class='ocrx_word' id='word_1_113' title='bbox 873 2470 912 2531; x_wconf 87' lang='lat' dir='ltr'><strong>ad</strong></span> <span class='ocrx_word' id='word_1_114' title='bbox 927 2470 1024 2533; x_wconf 89' lang='lat' dir='ltr'><strong>undas</strong></span> 
     </span>
     <span class='ocr_line' id='line_1_24' title="bbox 250 2555 816 2638; baseline -0.009 -19"><span class='ocrx_word' id='word_1_115' title='bbox 250 2557 375 2638; x_wconf 79' lang='lat' dir='ltr'><strong>Elysiae</strong></span> <span class='ocrx_word' id='word_1_116' title='bbox 393 2556 456 2617; x_wconf 83' lang='lat' dir='ltr'><strong>vidi</strong></span> <span class='ocrx_word' id='word_1_117' title='bbox 470 2555 576 2615; x_wconf 82' lang='lat' dir='ltr'><strong>nubila</strong></span> <span class='ocrx_word' id='word_1_118' title='bbox 592 2557 678 2615; x_wconf 86' lang='lat' dir='ltr'><strong>fusca</strong></span> <span class='ocrx_word' id='word_1_119' title='bbox 691 2556 816 2636; x_wconf 83' lang='lat' dir='ltr'><strong>plagae!</strong></span> 
     </span>
    </p>

    <p class='ocr_par' dir='ltr' id='par_1_14' title="bbox 187 2638 987 2721">
     <span class='ocr_line' id='line_1_25' title="bbox 187 2638 987 2721; baseline -0.006 -16"><span class='ocrx_word' id='word_1_120' title='bbox 187 2644 352 2721; x_wconf 62' lang='lat' dir='ltr'><strong>oquamvis</strong></span> <span class='ocrx_word' id='word_1_121' title='bbox 367 2639 449 2702; x_wconf 85' lang='lat' dir='ltr'><strong>lassa</strong></span> <span class='ocrx_word' id='word_1_122' title='bbox 463 2647 532 2701; x_wconf 88' lang='lat' dir='ltr'><strong>tuos</strong></span> <span class='ocrx_word' id='word_1_123' title='bbox 549 2642 740 2719; x_wconf 88' lang='lat' dir='ltr'><strong>quaerebant</strong></span> <span class='ocrx_word' id='word_1_124' title='bbox 754 2639 871 2700; x_wconf 88' lang='lat' dir='ltr'><strong>lumina</strong></span> <span class='ocrx_word' id='word_1_125' title='bbox 883 2638 987 2700; x_wconf 86' lang='lat' dir='ltr'><strong>voltus</strong></span> 
     </span>
    </p>

    <p class='ocr_par' dir='ltr' id='par_1_15' title="bbox 252 2723 982 2807">
     <span class='ocr_line' id='line_1_26' title="bbox 252 2723 982 2807; baseline -0.005 -18"><span class='ocrx_word' id='word_1_126' title='bbox 252 2730 355 2807; x_wconf 82' lang='lat' dir='ltr'><strong>Atque</strong></span> <span class='ocrx_word' id='word_1_127' title='bbox 369 2733 437 2787; x_wconf 85' lang='lat' dir='ltr'><strong>erat</strong></span> <span class='ocrx_word' id='word_1_128' title='bbox 451 2727 483 2787; x_wconf 91' lang='lat' dir='ltr'><strong>in</strong></span> <span class='ocrx_word' id='word_1_129' title='bbox 497 2724 601 2804; x_wconf 91' lang='lat' dir='ltr'><strong>gelido</strong></span> <span class='ocrx_word' id='word_1_130' title='bbox 616 2725 765 2806; x_wconf 89' lang='lat' dir='ltr'><strong>plurimus</strong></span> <span class='ocrx_word' id='word_1_131' title='bbox 780 2742 834 2784; x_wconf 92' lang='lat' dir='ltr'><strong>ore</strong></span> <span class='ocrx_word' id='word_1_132' title='bbox 848 2723 982 2786; x_wconf 85' lang='lat' dir='ltr'><strong>Pudens.</strong></span> 
     </span>
    </p>

    <p class='ocr_par' dir='ltr' id='par_1_16' title="bbox 210 2807 949 2970">
     <span class='ocr_line' id='line_1_27' title="bbox 210 2807 936 2890; baseline -0.008 -17"><span class='ocrx_word' id='word_1_133' title='bbox 210 2813 244 2874; x_wconf 87' lang='lat' dir='ltr'><strong>Si</strong></span> <span class='ocrx_word' id='word_1_134' title='bbox 258 2813 333 2872; x_wconf 85' lang='lat' dir='ltr'><strong>mihi</strong></span> <span class='ocrx_word' id='word_1_135' title='bbox 347 2811 488 2872; x_wconf 83' lang='lat' dir='ltr'><strong>lanificae</strong></span> <span class='ocrx_word' id='word_1_136' title='bbox 504 2809 620 2870; x_wconf 89' lang='lat' dir='ltr'><strong>ducunt</strong></span> <span class='ocrx_word' id='word_1_137' title='bbox 633 2829 695 2869; x_wconf 94' lang='lat' dir='ltr'><strong>non</strong></span> <span class='ocrx_word' id='word_1_138' title='bbox 711 2807 797 2890; x_wconf 88' lang='lat' dir='ltr'><strong>pulla</strong></span> <span class='ocrx_word' id='word_1_139' title='bbox 812 2827 936 2868; x_wconf 86' lang='lat' dir='ltr'><strong>sorores</strong></span> 
     </span>
     <span class='ocr_line' id='line_1_28' title="bbox 243 2892 949 2970; baseline -0.011 -11"><span class='ocrx_word' id='word_1_140' title='bbox 243 2898 390 2959; x_wconf 86' lang='lat' dir='ltr'><strong>·Stamina</strong></span> <span class='ocrx_word' id='word_1_141' title='bbox 404 2916 462 2957; x_wconf 92' lang='lat' dir='ltr'><strong>nec</strong></span> <span class='ocrx_word' id='word_1_142' title='bbox 477 2895 587 2955; x_wconf 87' lang='lat' dir='ltr'><strong>surdos</strong></span> <span class='ocrx_word' id='word_1_143' title='bbox 602 2914 659 2954; x_wconf 86' lang='lat' dir='ltr'><strong>vox</strong></span> <span class='ocrx_word' id='word_1_144' title='bbox 672 2895 767 2953; x_wconf 90' lang='lat' dir='ltr'><strong>habet</strong></span> <span class='ocrx_word' id='word_1_145' title='bbox 781 2895 841 2952; x_wconf 86' lang='lat' dir='ltr'><strong>iata</strong></span> <span class='ocrx_word' id='word_1_146' title='bbox 856 2892 949 2970; x_wconf 88' lang='lat' dir='ltr'><strong>deos,</strong></span> 
     </span>
    </p>
   </div>
   <div class='ocr_carea' id='block_1_10' title="bbox 168 2976 980 3144">
    <p class='ocr_par' dir='ltr' id='par_1_17' title="bbox 168 2976 980 3144">
     <span class='ocr_line' id='line_1_29' title="bbox 210 2976 980 3062; baseline -0.006 -21"><span class='ocrx_word' id='word_1_147' title='bbox 210 2978 335 3062; x_wconf 77' lang='lat' dir='ltr'><strong>Sospite</strong></span> <span class='ocrx_word' id='word_1_148' title='bbox 350 2998 399 3042; x_wconf 88' lang='lat' dir='ltr'><strong>me</strong></span> <span class='ocrx_word' id='word_1_149' title='bbox 415 2997 523 3059; x_wconf 90' lang='lat' dir='ltr'><strong>sospes</strong></span> <span class='ocrx_word' id='word_1_150' title='bbox 537 2977 641 3037; x_wconf 88' lang='lat' dir='ltr'><strong>Latias</strong></span> <span class='ocrx_word' id='word_1_151' title='bbox 656 2978 817 3039; x_wconf 80' lang='lat' dir='ltr'><strong>reveheris</strong></span> <span class='ocrx_word' id='word_1_152' title='bbox 832 2976 871 3036; x_wconf 79' lang='lat' dir='ltr'><strong>acl</strong></span> <span class='ocrx_word' id='word_1_153' title='bbox 886 2978 980 3036; x_wconf 88' lang='lat' dir='ltr'><strong>urbes</strong></span> 
     </span>
     <span class='ocr_line' id='line_1_30' title="bbox 168 3060 884 3144; baseline -0.011 -16"><span class='ocrx_word' id='word_1_154' title='bbox 168 3072 204 3128; x_wconf 80' lang='grc'><strong>10</strong></span> <span class='ocrx_word' id='word_1_155' title='bbox 250 3065 293 3128; x_wconf 77' lang='lat' dir='ltr'><strong>nt</strong></span> <span class='ocrx_word' id='word_1_156' title='bbox 306 3065 428 3125; x_wconf 81' lang='lat' dir='ltr'><strong>referes</strong></span> <span class='ocrx_word' id='word_1_157' title='bbox 442 3062 500 3144; x_wconf 90' lang='lat' dir='ltr'><strong>pili</strong></span> <span class='ocrx_word' id='word_1_158' title='bbox 514 3062 650 3142; x_wconf 83' lang='lat' dir='ltr'><strong>praemia</strong></span> <span class='ocrx_word' id='word_1_159' title='bbox 664 3060 764 3122; x_wconf 86' lang='lat' dir='ltr'><strong>clarus</strong></span> <span class='ocrx_word' id='word_1_160' title='bbox 780 3080 884 3141; x_wconf 89' lang='lat' dir='ltr'><strong>eques.</strong></span> 
     </span>
    </p>
   </div>
   <div class='ocr_carea' id='block_1_11' title="bbox 610 3196 687 3256">
    <p class='ocr_par' dir='ltr' id='par_1_18' title="bbox 610 3196 687 3256">
     <span class='ocr_line' id='line_1_31' title="bbox 610 3196 687 3256; baseline -0.039 0"><span class='ocrx_word' id='word_1_161' title='bbox 610 3196 687 3256; x_wconf 84' lang='lat' dir='ltr'><strong>LlX.</strong></span> 
     </span>
    </p>
   </div>
   <div class='ocr_carea' id='block_1_12' title="bbox 127 3308 1041 3560">
    <p class='ocr_par' dir='ltr' id='par_1_19' title="bbox 127 3308 1041 3560">
     <span class='ocr_line' id='line_1_32' title="bbox 127 3308 1041 3390; baseline -0.001 -20"><span class='ocrx_word' id='word_1_162' title='bbox 127 3308 131 3313; x_wconf 82' lang='lat'>&#39;</span> <span class='ocrx_word' id='word_1_163' title='bbox 208 3308 251 3370; x_wconf 83' lang='lat' dir='ltr'><strong>Et</strong></span> <span class='ocrx_word' id='word_1_164' title='bbox 266 3309 352 3372; x_wconf 86' lang='lat' dir='ltr'><strong>dolet</strong></span> <span class='ocrx_word' id='word_1_165' title='bbox 366 3317 400 3372; x_wconf 91' lang='lat' dir='ltr'><strong>et</strong></span> <span class='ocrx_word' id='word_1_166' title='bbox 417 3311 558 3390; x_wconf 89' lang='lat' dir='ltr'><strong>queritur</strong></span> <span class='ocrx_word' id='word_1_167' title='bbox 572 3312 632 3370; x_wconf 89' lang='lat' dir='ltr'><strong>sibi</strong></span> <span class='ocrx_word' id='word_1_168' title='bbox 646 3329 709 3368; x_wconf 92' lang='lat' dir='ltr'><strong>non</strong></span> <span class='ocrx_word' id='word_1_169' title='bbox 727 3310 908 3387; x_wconf 89' lang='lat' dir='ltr'><strong>contingere</strong></span> <span class='ocrx_word' id='word_1_170' title='bbox 922 3308 1041 3389; x_wconf 84' lang='lat' dir='ltr'><strong>frigus,</strong></span> 
     </span>
     <span class='ocr_line' id='line_1_33' title="bbox 252 3393 923 3478; baseline -0.004 -23"><span class='ocrx_word' id='word_1_171' title='bbox 252 3393 388 3478; x_wconf 87' lang='lat' dir='ltr'><strong>Propter</strong></span> <span class='ocrx_word' id='word_1_172' title='bbox 403 3403 565 3456; x_wconf 87' lang='lat' dir='ltr'><strong>sexcentas</strong></span> <span class='ocrx_word' id='word_1_173' title='bbox 579 3395 712 3453; x_wconf 83' lang='lat' dir='ltr'><strong>Baccara</strong></span> <span class='ocrx_word' id='word_1_174' title='bbox 726 3394 923 3473; x_wconf 86' lang='lat' dir='ltr'><strong>gausapinas,</strong></span> 
     </span>
     <span class='ocr_line' id='line_1_34' title="bbox 210 3472 983 3560; baseline -0.008 -18"><span class='ocrx_word' id='word_1_175' title='bbox 210 3472 308 3560; x_wconf 79' lang='lat' dir='ltr'><strong>Optat</strong></span> <span class='ocrx_word' id='word_1_176' title='bbox 322 3486 355 3542; x_wconf 94' lang='lat' dir='ltr'><strong>et</strong></span> <span class='ocrx_word' id='word_1_177' title='bbox 370 3482 515 3542; x_wconf 86' lang='lat' dir='ltr'><strong>obscuras</strong></span> <span class='ocrx_word' id='word_1_178' title='bbox 529 3477 617 3540; x_wconf 88' lang='lat' dir='ltr'><strong>luces</strong></span> <span class='ocrx_word' id='word_1_179' title='bbox 631 3483 802 3557; x_wconf 84' lang='lat' dir='ltr'><strong>ventosque</strong></span> <span class='ocrx_word' id='word_1_180' title='bbox 818 3479 983 3556; x_wconf 86' lang='lat' dir='ltr'><strong>nivesque,</strong></span> 
     </span>
    </p>
   </div>
   <div class='ocr_carea' id='block_1_13' title="bbox 0 0 1190 3924">
    <p class='ocr_par' dir='ltr' id='par_1_20' title="bbox 0 0 1190 3924">
     <span class='ocr_line' id='line_1_35' title="bbox 0 0 1190 3924; baseline 0 0"><span class='ocrx_word' id='word_1_181' title='bbox 0 0 1190 3924; x_wconf 95' lang='lat' dir='ltr'><strong> </strong></span> 
     </span>
    </p>
   </div>
  </div>
 </body>
</html>
