2370 3924
90 233 133 301 68
409 235 455 298 M.
472 235 564 297 VAL.
580 235 807 298 MAR'l'lALIS

151 390 248 471 adigit
262 390 425 449 Atestinus
442 407 547 448 causas
566 394 599 448 et
615 388 716 462 Giris5
739 380 925 471 (utrumque

215 474 315 534 Norae
323 468 355 557 ς)
373 472 430 533 sed
443 473 549 532 neutri
562 472 672 552 pensio
687 477 753 531 tota
767 472 837 534 fuit.

173 557 230 637 „Si
243 556 324 617 nihil
337 557 410 616 hinc
425 557 547 633 veniet,
562 563 737 634 pangentur
752 557 886 615 carmina
899 560 1008 620 nobis:

216 640 378 718 Audieris,
401 639 486 699 dices
503 656 571 698 esse
588 639 728 698 Maronis
744 639 854 718 opus.“

172 726 306 786 lnsanie:
329 742 435 783 omnes
451 720 564 801 gelidis
579 723 755 801 quicunque
769 722 905 783 lacernis

130 820 165 872 10
214 809 293 868 Sunt
304 809 365 884 ihi,
384 807 522 867 Nasones
537 805 756 886 Vergiliosque
769 805 865 868 vides.

171 893 283 970 „Atria
296 909 404 969 magna
418 890 549 952 colam.“
579 890 639 952 vix
653 897 719 950 tres
741 895 793 950 aut
809 896 954 969 quattuor
968 893 1030 955 ista

213 976 277 1034 Res
292 972 384 1052 aluit,
406 972 505 1054 pallet
520 980 626 1033 cetera
642 976 734 1034 turba
748 975 838 1034 fame.

171 1056 276 1137 „Quid
290 1058 423 1118 faciam?
438 1056 548 1118 suade:
563 1076 633 1116 nam
649 1064 769 1117 certum
784 1064 833 1117 est
842 1058 946 1118 vivere
961 1059 1109 1126 Romae.“

214 1142 248 1202 Si
263 1142 363 1200 bonus
380 1160 430 1219 es,
453 1160 524 1200 casu
538 1141 660 1218 vivere,
684 1141 794 1219 Sexte,
812 1147 912 1220 potes.

521 1289 659 1350 XXXIX.

170 1399 265 1462 lliaoo
283 1399 416 1462 similem
431 1419 577 1481 puerum,
600 1400 765 1480 Faustina,
786 1403 928 1463 ministro

211 1485 311 1545 Lusca
324 1484 454 1564 Lycoris
469 1490 557 1545 amat.
588 1485 684 1559 Quam
701 1485 782 1545 bene
799 1485 886 1546 lusca
899 1485 1005 1547 videti

577 1633 641 1694 XL.

168 1743 278 1803 Mutua
293 1741 376 1822 quod
390 1744 479 1803 nobis
493 1750 544 1804 ter
559 1745 774 1823 quinquagena
789 1743 905 1807 dedisti

211 1826 258 1886 Ex
273 1827 382 1905 opibus
397 1826 507 1903 tantis,
530 1846 605 1905 quas
621 1830 720 1905 gravis
737 1848 807 1888 arca
820 1832 952 1909 premit,

167 1909 246 1969 Esse
261 1910 318 1968 tibi
332 1928 476 1988 magnus,
499 1907 665 1989 Telesine,
685 1910 801 1972 videris
816 1915 939 1975 amicus.

211 1992 261 2052 Tu
275 2011 416 2075 magnus,
437 1991 520 2071 qnod
535 1992 615 2054 das?
636 1996 728 2055 immo
743 2013 818 2075 ego,
841 1997 923 2077 quod
939 2001 1069 2081 recipis.

564 2141 643 2205 XLI.

168 2255 289 2315 Inserta
304 2250 429 2333 phialae
443 2255 600 2316 Mentoris
615 2275 706 2314 mann
721 2255 811 2318 ducta

166 2337 298 2397 Lacerta
316 2337 391 2396 vivit
405 2345 438 2399 et
451 2341 580 2398 timetur
595 2347 763 2418 argentum.

565 2486 657 2548 LXlI.

165 2597 318 2656 Lomento
333 2615 424 2676 rugas
438 2599 521 2657 uteri
537 2597 619 2675 qnod
633 2598 770 2661 condere
783 2606 934 2743 temptas,

207 2679 315 2759 Polla,
336 2682 394 2742 tibi
406 2688 565 2760 ventrem,
586 2701 649 2742 non
664 2685 740 2744 mihi
755 2682 844 2744 labra
871 2686 940 2748 inis.

166 2764 359 2846 Simpliciter
373 2771 479 2846 pateat
491 2766 599 2825 vitium
613 2767 746 2827 fortasse
759 2767 922 2849 pusillum:

209 2848 299 2925 Quod
314 2852 448 2929 tegitur,
470 2868 612 2927 magnum
626 2849 766 2911 creditur
781 2870 851 2912 esse
865 2850 987 2915 malum.

550 3000 655 3062 XLlll.

164 3122 311 3183 Mentiris
325 3125 468 3184 invenem
481 3127 605 3205 tinctis,
626 3128 772 3206 Laetine,
795 3125 937 3207 capillis,

207 3206 285 3266 'l'am
297 3209 398 3268 subito
414 3229 538 3289 corvus,
561 3213 612 3290 qui
627 3213 717 3273 modo
735 3222 851 3291 cygnus
866 3229 946 3273 eras.

162 3289 232 3349 Non
247 3308 352 3352 omnes
366 3291 465 3368 fallis;
487 3296 546 3355 soit
559 3302 591 3355 te
604 3297 793 3378 Proserpina
806 3314 931 3357 canum:

204 3373 372 3437 Personam
387 3379 479 3458 capiti
492 3377 637 3440 detrahet
653 3379 708 3442 illa
720 3387 784 3442 tuo.
