2370 3924
315 207 657 287 unienummunou
670 226 743 289 mn.
759 228 781 287 1.

113 381 273 458 Argenta,
295 378 382 456 nive,
403 376 491 454 lilio,
513 377 660 454 ligustro:

113 462 178 523 Sed
193 459 344 542 quandam
357 459 427 522 valo
442 467 534 520 nocte
553 462 739 539 nigriorem,

92 547 279 624 5Formica‚
300 546 388 625 pice,
412 542 552 624 graculo,
571 543 683 606 cicada.

111 631 175 692 lam
189 629 354 710 suspendia
369 647 458 689 saeva
472 629 643 706 cogitabas:

113 715 233 775 Sinuri
248 715 328 775 bene
345 718 395 792 te,
417 710 569 790 Procille,
592 713 683 772 viver.

497 844 603 908 CXVI.

110 960 181 1020 Hoc
195 978 303 1020 nemus
320 965 447 1019 aeterua
464 961 602 1019 cinerum
617 961 748 1020 sacravit
762 959 873 1019 honori

154 1043 296 1106 Faenius.
307 1049 340 1103 et
355 1042 431 1103 culti
444 1044 550 1122 iugera
565 1041 696 1123 pulchra
711 1041 779 1103 soli.

111 1129 182 1189 Hoc
195 1128 311 1206 tegitur
327 1128 388 1187 cito
403 1133 492 1207 rapta
505 1128 568 1186 suis
583 1125 712 1187 Antulla
724 1125 884 1207 sepulcro,

154 1212 224 1273 Hoc
239 1212 301 1271 erit
313 1208 462 1272 Antullae
477 1211 589 1271 mixtus
604 1217 737 1290 uterque
751 1229 874 1291 pareus.

86 1295 149 1359 asi
164 1296 249 1376 cupit
262 1295 344 1355 hunc
359 1292 488 1374 aliquis,
508 1313 635 1373 moneo,
657 1314 697 1356 ne
713 1300 820 1376 speret
836 1291 986 1374 agellum:

152 1379 311 1460 Perpetua
328 1376 459 1439 dominis
474 1378 590 1439 serviet
604 1379 664 1439 iste
680 1380 752 1440 suis.

488 1526 607 1588 GXVll.
655 1536 658 1540 '

109 1639 257 1700 Occurris
276 1640 435 1720 quotiens,
456 1638 618 1719 Luperce,
639 1641 745 1700 nabis:

107 1723 190 1802 „vn
203 1723 322 1785 mittam
334 1722 487 1804 puerum“
503 1721 634 1783 subinde
650 1723 743 1802 dicia,

109 1807 194 1885 „cai
206 1804 311 1867 tradas
326 1809 568 1887 epigrammaton
585 1803 747 1886 libellum,

109 1891 240 1952 Lectum
256 1909 347 1970 quem
360 1891 419 1952 tibi
433 1892 575 1970 protinus
590 1893 746 1952 remittam
754 1891 791 1960 i‘f

86 1973 184 2037 aNon
202 1980 251 2035 est
266 1972 349 2053 quod
363 1992 509 2054 puerum,
530 1974 690 2055 Luperca,
711 1992 813 2039 vexes.

109 2058 250 2136 Longum
265 2063 331 2135 est,
354 2058 381 2117 si
395 2056 471 2118 velit
485 2055 524 2117 atl
539 2058 646 2119 Pirum
662 2060 787 2137 venire,

109 2139 379 2204 maenianum
394 2143 511 2220 tribus,
534 2139 590 2202 aed
605 2141 685 2203 altis.
739 2169 741 2172 ’

111 2223 204 2301 Quod
219 2227 342 2305 quaeris
357 2225 484 2305 propius
502 2232 590 2305 petas
603 2222 721 2288 licebit.

110 2309 191 2388 Argi
204 2327 316 2389 nempe
333 2307 417 2369 soles
437 2309 541 2369 subire
556 2306 668 2369 letum:

65 2393 230 2456 utcontra
244 2393 387 2454 Caesaris
401 2398 450 2453 ert
463 2393 565 2453 forum
581 2395 710 2454 taberna

110 2476 244 2557 Scriptis
261 2479 402 2558 postibus
416 2477 488 2536 hinc
504 2483 536 2537 et
552 2476 626 2538 inde
640 2479 734 2556 totis,

111 2560 227 2621 Omnes
241 2570 276 2622 ut
292 2562 354 2621 cito
368 2556 513 2641 perlegas
526 2567 645 2641 poetas.

109 2642 201 2704 illinc
215 2662 264 2705 me
279 2650 370 2725 pete,
393 2662 451 2703 nec
468 2661 559 2722 roges
574 2645 756 2723 Atrectmn,
770 2675 814 2689 --

109 2729 181 2788 Hac
196 2747 308 2788 namen
324 2725 464 2788 daminus
480 2727 562 2805 gerit
575 2729 742 2806 tabernae,
762 2760 803 2771 -

65 2813 158 2877 15De
171 2813 272 2893 prima
287 2810 373 2872 (labit
387 2807 525 2870 alterove
539 2808 614 2869 uida

109 2897 225 2957 Rasum
238 2895 365 2978 pumice·
374 2911 572 2975 purpuraque
588 2892 702 2953 cultum

110 2981 245 3041 Denaris
259 2981 317 3041 tibi
333 2979 469 3058 quinque
484 2975 671 3038 Martialem.

109 3064 229 3144 „Tanti
243 3083 304 3125 non
323 3063 379 3122 es“
394 3062 462 3122 ais?
484 3060 589 3141 Sapis,
611 3060 765 3144 Luperce.

482 3194 614 3257 cxviii.

110 3313 171 3373 (lui
185 3310 300 3390 legisse
316 3313 391 3373 satia
404 3331 468 3373 non
482 3317 531 3372 est
545 3312 764 3392 epigrammata
780 3316 919 3388 centum,

152 3393 206 3456 Nil
215 3393 264 3458 illi
277 3397 352 3457 satis
368 3402 433 3475 est,
456 3394 658 3474 caediciaue,
680 3393 763 3459 mali.

1034 229 1075 292 39
