2370 3924
91 233 155 298 252
415 230 459 290 Μ.
475 229 566 291 VAL.
583 228 807 288 MARTIALIS

562 378 666 439 XCIII.

177 478 210 537 SI
225 478 311 556 prior
325 476 501 553 Euganeas,
523 471 685 549 Clemens,
706 471 887 534 Helicaonis
903 494 976 536 oras

217 561 367 638 Pictaque
381 557 551 638 pampineis
565 555 680 614 videris
693 575 764 615 arva
779 557 878 636 iugis,

176 643 289 704 l’erIer
302 644 464 704 Atestinae
478 639 613 700 nondum
626 637 748 716 vulgata
765 639 899 701 Sabinae

220 729 381 803 Carmina,
403 743 561 805 purpurea
575 722 631 782 sed
645 721 736 800 modo
753 723 837 783 culta
850 730 934 804 toga.

156 813 223 875 5Ut
236 831 307 871 rosa
322 810 474 886 delectat,
497 809 624 867 metitur
638 824 715 884 quae
730 806 846 886 pollice
862 811 984 889 primo,

219 895 270 955 Sic
286 914 364 954 nova
378 912 436 952 nec
451 897 555 952 mento
571 890 695 950 sordida
710 892 816 950 charta
830 892 922 955 Iuvat.

560 1005 667 1068 XCIV.

176 1106 246 1166 Non
260 1124 328 1165 mea
342 1104 497 1184 Massylus
515 1112 617 1166 servat
630 1107 767 1186 pomaria
782 1124 931 1186 serpens,

218 1190 333 1267 Regius
349 1188 473 1249 Alcinoi
487 1209 545 1250 nec
560 1191 636 1249 milri
650 1191 850 1268 servit-ager,

178 1272 242 1333 Sed
256 1273 448 1334 Nomentana
463 1293 590 1334 securus
605 1275 757 1351 germinat
770 1273 881 1332 hortus

218 1357 358 1435 Arbore,
379 1376 438 1417 nec
452 1359 554 1418 furem
566 1357 709 1438 plumbea
722 1356 803 1416 mala
816 1358 939 1416 timent.

154 1441 265 1501 5Haeo
280 1443 375 1519 Igitur
389 1441 491 1501 media
505 1460 582 1520 quae
597 1447 668 1501 sunt
682 1439 772 1501 modo
787 1446 859 1499 nata
874 1439 997 1499 Subura

219 1524 373 1586 Mittimus
389 1526 543 1585 auctumni
558 1543 649 1585 cerea
665 1544 755 1604 poma
769 1525 840 1587 mei.

564 1658 658 1720 XCV.

174 1758 326 1817 Infantem
342 1758 400 1817 tibi
414 1759 477 1835 vir,
499 1758 575 1833 tibi,
597 1754 688 1816 Galla
701 1755 822 1815 remisit
838 1752 971 1815 adulter.

218 1841 277 1916 Hi,
299 1846 391 1919 puto,
414 1862 474 1901 non
491 1841 583 1901 dubie
599 1858 633 1899 se
648 1840 779 1899 futuisse
794 1844 920 1916 negant.

556 1974 663 2035 XCVI.

176 2071 275 2151 Saepe
291 2071 401 2150 loquar
414 2074 539 2133 nimium
557 2082 666 2153 gentes
682 2073 779 2154 quod,
803 2073 909 2147 Avite,
931 2077 1077 2147 remotes,

217 2157 359 2234 Miraris,
380 2157 467 2218 Latia
481 2159 579 2217 factus
594 2161 626 2217 in
643 2161 720 2218 urbe
736 2176 846 2234 senex,

175 2240 415 2319 Auriferumque
431 2242 547 2320 Tagum
563 2244 663 2302 sitiam
678 2243 872 2322 patriumque
888 2239 1033 2300 Salonem

218 2325 260 2383 Et
274 2332 414 2404 repetam
428 2334 550 2386 saturae
566 2325 691 2385 sordida
706 2346 780 2385 rura
794 2343 893 2384 casae.

154 2405 235 2465 51111
248 2405 353 2485 placet
367 2407 478 2486 tellus,
501 2412 533 2468 in
549 2431 607 2489 qua
624 2429 676 2470 res
690 2430 782 2488 parva
796 2411 921 2467 beatum

218 2490 272 2549 Me
287 2492 362 2552 facit
380 2499 412 2550 et
426 2499 536 2552 tenues
554 2493 748 2553 luxuriantur
763 2511 846 2572 opes.

175 2572 317 2632 Pascitur
332 2575 401 2653 hic,
423 2576 465 2634 ibi
481 2578 580 2655 pascit
595 2597 685 2655 ager;
707 2583 795 2657 tepet
809 2577 881 2652 igue
896 2572 1031 2652 maligno

218 2658 277 2716 llic
292 2660 396 2736 focus,
419 2661 538 2738 ingenti
554 2658 671 2720 lumine
685 2659 770 2720 lucet
784 2661 836 2719 ibi.

174 2741 235 2802 llic
249 2745 386 2821 pretiosa
402 2745 498 2804 fames
514 2747 775 2823 conturbatorque
791 2741 956 2814 macellus3

133 2832 167 2887 10
214 2828 325 2887 Mensa
339 2829 383 2889 ibi
398 2828 512 2889 divitiis
526 2831 607 2889 ruris
623 2836 732 2908 operta
747 2829 803 2887 sui.

175 2912 328 2986 Quattuor
341 2914 392 2971 hic
408 2920 525 2972 aestate
539 2921 629 2991 togae
644 2912 790 2992 pluresve
804 2916 967 2982 teruntur;

216 2995 397 3053 Auctumnis
415 2996 459 3053 ibi
473 3015 522 3054 me
538 3003 681 3074 quattuor
695 3017 755 3055 una
769 2997 857 3074 tegit.

174 3076 203 3152 l,
226 3075 294 3137 cole
310 3096 391 3137 nunc
405 3097 513 3156 reges,
537 3079 687 3159 quidquid
701 3101 762 3139 non
777 3084 917 3161 praestat
936 3077 1051 3136 amicus

218 3159 294 3219 Cum
310 3167 470 3240 praestare
487 3165 544 3223 tibi
557 3166 671 3244 possit,
696 3165 802 3243 Avite,
823 3162 922 3223 locus.

552 3298 672 3361 XCVII.

171 3387 250 3448 Dum
265 3386 343 3450 levis
358 3411 462 3453 arsura
475 3397 607 3455 struitur
619 3396 756 3456 Libitina
767 3415 900 3476 papyro,

214 3471 292 3532 Dum
307 3477 461 3554 myrrham
477 3485 510 3538 et
526 3481 636 3539 casiam
651 3480 766 3541 flebilis
783 3501 860 3540 uxor
875 3481 966 3556 emit,
