2346 3938
118 228 181 298 tat
437 197 833 291 mvnxmxnnrsms

202 386 334 447 Munera
350 402 417 443 cum
431 387 539 463 posset
554 378 689 440 noudum
705 382 824 441 sentire
838 385 983 464 patroni,

245 469 372 530 Glaucia
384 465 517 527 libertus
534 466 593 526 iam
608 463 751 525 Melioris
766 472 843 527 erat.

178 553 343 616 bMoribus
356 554 416 612 boo
430 550 610 628 formaeque
625 547 745 609 datum:
768 551 837 627 quis
851 547 1000 614 blandior
1013 553 1097 618 illut

244 637 307 699 Aut
322 638 389 716 quis
404 631 573 714 Apollineo
588 630 750 712 pulchrior
764 650 820 693 ore
836 633 920 694 fuiti

200 718 373 783 ImmodioIs
387 719 490 779 brevis
505 723 554 777 est
568 722 652 776 aetas
666 722 700 776 et
715 735 786 776 rara
798 724 955 781 senectus.

40 880 46 887 ¹
80 816 134 859 ··.'²
243 803 400 884 Quidquid
416 820 513 880 amas,
535 801 640 880 cupias
658 819 721 859 non
733 797 889 880 placuisse
906 805 1008 864 nimis.

37 886 88 947 ,aa
590 936 686 997 xxx.

201 1048 262 1110 Sex
278 1048 423 1108 sestertia
437 1048 464 1107 si
479 1048 582 1107 statIm
595 1046 752 1125 dedisses,

201 1133 277 1193 Oum
292 1131 368 1192 dlxii
382 1131 458 1191 mibi
475 1129 606 1210 „Sume,
629 1130 723 1211 tolle,
746 1130 865 1210 dono,“

198 1215 355 1277 Deberem
372 1216 447 1293 tibi,
468 1215 582 1294 Paete,
603 1235 660 1296 pro
678 1215 829 1276 ducentis.

200 1300 242 1360 Aa
256 1320 337 1361 nuno
352 1319 421 1360 cum
435 1297 561 1360 dederi·
577 1299 629 1359 diu
643 1306 796 1374 moratus,

177 1384 276 1446 bPost
290 1389 428 1466 septem,
449 1388 541 1464 puto,
562 1382 613 1443 vel
627 1403 737 1444 novem
750 1381 921 1463 Kalendas,

199 1469 255 1531 Vis
271 1467 370 1529 dicam
383 1467 441 1530 tibi
455 1466 576 1527 veriora
589 1467 695 1528 verb?

200 1552 261 1614 Sex
275 1553 435 1631 sestertia,
456 1552 569 1630 Paete,
590 1551 765 1632 perdidisti.

580 1685 689 1747 XXXI.

199 1796 351 1875 Uxorem,
374 1794 577 1876 Obarideme,
599 1803 681 1857 tuam
700 1798 760 1856 scis
774 1795 996 1878 ipsesinisque

239 1881 267 1940 Α
280 1879 399 1940 medico
414 1879 510 1940 futui:
531 1882 577 1942 vis
591 1882 658 1941 sine
672 1881 762 1941 febre
776 1881 874 1942 moria

572 2014 694 2076 XXXII.

189 2124 275 2187 'Cum
291 2124 448 2188 dubitaret
464 2126 563 2188 adhuc
577 2125 656 2189 belli
667 2126 767 2188 civilis
779 2128 867 2208 Enyo

239 2209 384 2273 Forsitan
399 2217 432 2271 et
445 2219 552 2292 posset
567 2213 691 2273 vincere
706 2210 807 2272 mollis
823 2214 923 2290 Otho,

199 2295 359 2356 Damnavit
372 2293 468 2356 multo
484 2301 634 2357 staturum
648 2297 795 2374 sanguine
809 2297 944 2357 Martem

238 2379 281 2439 Et
293 2376 375 2439 fodit
390 2385 476 2439 certa
489 2385 617 2459 pectora
631 2387 697 2440 tota
710 2399 810 2440 mauu.

177 2460 250 2525 osii
266 2462 359 2541 Cato,
381 2461 452 2523 dum
467 2465 556 2540 vivit,
578 2483 651 2524 sane
665 2462 716 2525 vel
735 2465 869 2525 ansare
884 2465 997 2526 maiora

240 2546 319 2606 Dum
333 2547 479 2625 moritur,
499 2548 648 2626 numquId
662 2550 759 2608 maior
775 2549 899 2610 Othone
914 2548 998 2610 fuit?

565 2695 701 2757 XXXIII.

196 2806 249 2871 Nil
264 2809 486 2888 miserabilius,
509 2811 633 2891 Matho,
653 2809 825 2892 paedioone
839 2807 967 2871 Sabello

239 2892 369 2973 Vidisti,
392 2915 451 2973 quo
467 2893 512 2953 niI
525 2893 637 2956 laetius
652 2901 724 2955 ante
739 2894 808 2957 fuit.

195 2974 308 3056 Furta,
330 2978 437 3058 fugae,
459 2985 575 3038 mortes
590 2998 766 3058 servorum,
787 2977 948 3057 incendia,
969 2977 1068 3039 Iuotus

237 3061 390 3140 Aifflgunt
401 3063 572 3141 homiuem,
593 3064 652 3122 iam
666 3066 761 3123 miser
776 3069 809 3124 ei
823 3063 927 3125 futuit.

566 3197 702 3260 XXXIV.

148 3292 153 3397 I
194 3307 285 3368 Basia
298 3305 337 3367 da
350 3310 456 3387 nobis,
477 3309 683 3387 Diadumene,
704 3330 820 3391 pressa.
851 3311 979 3390 „Quot“
992 3307 1110 3392 inquiri

150 3404 156 3501 ς
237 3389 353 3451 Oceani
366 3392 478 3454 fluetus
493 3414 542 3454 me
556 3413 719 3455 numerare
733 3396 821 3455 iubes

152 3516 157 3607 ¹,
195 3475 237 3534 Et
250 3476 343 3535 maris
357 3477 474 3556 Aegaei
490 3498 610 3559 sparsas
625 3499 682 3560 per
695 3477 789 3539 litora
804 3478 938 3540 conchas

85 3592 162 3696 ἱ
