2370 3924
291 240 630 302 EPIGRAMMA'I'ON
644 241 718 304 LlB.
735 241 798 304 llll.
1004 242 1069 307 299

69 393 225 459 10Scribit
239 393 387 470 carmina,
407 412 485 471 quae
499 391 609 472 legunt
623 400 773 454 cocantes.

108 479 209 538 Frons
224 477 301 535 haec
315 478 457 555 stigmate
473 496 534 536 non
549 495 619 537 meo
634 477 769 537 notanda
784 484 842 542 est.

109 688 238 767 Antiqui
254 705 309 746 rex
322 705 431 766 magne
445 687 510 767 poli
525 687 692 767 mundique
706 688 835 768 prioris,

150 771 212 832 Sub
231 790 290 849 quo
304 771 392 850 pigra
407 772 494 850 quies
508 791 566 831 nec
580 771 670 833 labor
684 770 766 833 ullus
780 778 863 848 erat,

106 855 171 916 Nec
186 854 290 934 regale
305 855 395 914 nimis
410 853 529 915 fulmen
542 873 601 916 nec
616 854 744 916 fulmine
760 855 861 934 digni,

149 939 252 998 Scissa
265 957 323 997 nec
339 937 377 997 ad
391 938 517 1018 Manes,
539 939 597 1000 sed
611 941 671 1000 sibi
686 939 771 1000 dives
785 940 910 998 humosa

85 1023 224 1085 5Laetus
239 1020 277 1081 ad
292 1023 368 1082 haee
382 1021 546 1102 facilisque
561 1024 631 1084 veni
646 1022 809 1084 sollemnia
822 1022 923 1082 Prisci

149 1104 283 1166 Gaudia=
306 1125 374 1166 cum
390 1108 486 1167 sacris
501 1114 533 1167 te
549 1106 641 1167 decet
656 1126 725 1168 esse
742 1109 812 1168 tuis.

106 1190 156 1251 'fu
170 1188 316 1249 reducem
330 1191 450 1269 patriae
464 1197 565 1267 sexta,
586 1196 676 1269 pater
691 1193 823 1272 optime,
846 1191 954 1250 bruma

147 1273 273 1333 Pacifici
286 1273 376 1334 Latia
388 1273 494 1333 reddis
509 1275 546 1334 ab
562 1275 638 1334 urbe
654 1273 779 1335 Numae.

106 1357 233 1433 Cernis,
256 1362 291 1416 ut
305 1358 440 1417 Ausonio
456 1356 563 1418 similis
578 1358 636 1417 tibi
649 1378 761 1438 pompa
774 1354 905 1416 macello

61 1454 97 1506 ιο
146 1439 286 1500 Pendeat
300 1447 333 1500 et
348 1447 477 1519 quantus
495 1439 669 1502 luxurietur
683 1441 803 1501 honos?

106 1527 202 1607 Quam
216 1543 279 1583 non
294 1544 387 1604 parca
404 1545 509 1585 manus
523 1524 691 1605 largaeque
705 1526 885 1585 nomismata
898 1542 1041 1598 mensae,

146 1609 248 1686 Quae,
270 1607 421 1686 Saturne,
444 1610 502 1670 tibi
516 1616 778 1689 pernumerentur
792 1608 890 1689 opes?

104 1693 209 1771 thue
224 1692 265 1751 sit
278 1692 328 1751 his
342 1693 477 1770 pretium
491 1694 612 1752 meritis
627 1699 660 1753 et
675 1695 774 1772 gratia
786 1692 899 1770 maior,

144 1777 186 1836 Et
199 1781 290 1855 pater
305 1781 338 1835 et
353 1775 435 1854 frugi
448 1777 493 1836 sic
510 1783 561 1836 tua
578 1796 665 1837 sacra
680 1776 762 1837 colit.

62 1863 143 1924 15At
157 1866 191 1920 tu
206 1864 312 1918 sancte
326 1866 379 1919 tuo
394 1860 439 1920 sic
451 1878 576 1940 semper
590 1879 694 1922 amere
709 1861 889 1937 Decembri,

144 1944 212 2004 Hos
225 1940 275 2003 illi
288 1943 394 2004 iubeas
408 1962 502 2024 saepe
516 1943 623 2005 redire
637 1944 713 2006 dles.

488 2078 592 2141 nmio.
681 2062 688 2076 ’

102 2178 204 2238 Uncto
222 2174 367 2238 corduba
380 2173 495 2236 laetior
508 2177 663 2254 Venafro,

102 2262 210 2321 Histra
223 2278 281 2320 nec
296 2258 395 2318 miuus
413 2258 552 2319 absoluta
567 2265 664 2337 testa,

103 2344 176 2405 Albi
194 2362 271 2424 quae
287 2361 415 2423 superas
430 2361 502 2403 oves
518 2340 659 2421 Galaesi,

101 2428 194 2488 Nullo
209 2428 326 2488 murice
343 2444 401 2486 nec
419 2446 530 2486 cruore
545 2426 691 2504 mendax,

76 2511 165 2576 5Sed
180 2512 286 2572 tinctis
303 2512 448 2590 gregibus
464 2509 569 2572 colore
581 2513 666 2571 viro:

103 2597 158 2656 Dic
173 2602 295 2673 vestro,
316 2614 409 2673 rogo,
432 2596 473 2655 sit
487 2595 587 2676 pudor
602 2601 733 2676 poetae,

101 2681 167 2740 Nec
182 2681 278 2759 gratis
294 2680 409 2739 recitet
422 2698 508 2738 meos
521 2678 662 2739 libellos:

101 2766 249 2842 Ferrem,
268 2764 295 2821 si
309 2763 429 2822 faceret
443 2763 541 2822 bonus
554 2770 664 2842 poeta,

103 2850 162 2908 Cui
175 2866 298 2929 possem
315 2845 388 2906 dare
401 2851 523 2905 mutuos
539 2845 679 2906 dolores:

58 2932 282 3011 locorrumpit
296 2931 363 2990 sine
378 2928 494 2989 talione
510 2930 642 2992 caelebs.

102 3018 220 3076 Caecus
237 3013 374 3095 perdere
390 3033 453 3074 non
467 3020 572 3094 potest
588 3012 669 3094 qnod
686 3012 795 3073 aufert.

100 3100 153 3160 Nil
169 3107 217 3161 est
233 3099 371 3160 deterius
385 3099 507 3158 latrone
522 3098 620 3159 nudo:
741 3174 743 3179 Ι

100 3183 151 3244 Nil
166 3183 304 3244 securius
320 3187 368 3241 est
380 3180 461 3242 malo
475 3190 576 3262 poeta.

487 3294 593 3359 LXIV.

102 3393 287 3457 Vincentem
301 3416 409 3457 roseos
424 3397 565 3475 facieque
580 3414 727 3474 comaque
741 3393 899 3454 ministros

145 3479 243 3539 Cluna
258 3500 364 3541 cocum
377 3481 463 3542 fecit.
495 3481 593 3540 Cinna
608 3477 733 3560 gulosus
746 3481 837 3539 homo
853 3484 915 3537 est.
