2370 3924
342 227 771 291 EPIGRAMMA'I'ONLIB.
786 230 824 292 X.
1046 232 1110 297 235

532 380 643 442 XXXI.

147 478 278 541 Addixti
292 497 413 540 servum
426 482 557 538 nummis
571 479 649 538 here
663 477 751 539 mille
768 477 927 557 ducentis,

190 563 234 624 Ut
248 565 330 623 bene
346 582 491 641 cencres,
513 560 710 640 Calliodore,
731 561 838 623 semel.

146 646 214 708 Nec
227 649 309 706 bene
324 647 456 707 cenasti:
477 643 588 705 mullus
604 640 662 704 tibi
677 653 822 724 quattuor
841 650 963 727 emptus

188 730 352 791 Librarum
365 736 463 790 'cenae
476 749 588 809 pompa
603 736 755 808 caputque
770 730 839 793 fuit.
970 747 973 750 ⁴

124 811 328 879 §Exclamare
342 813 436 873 libet:
458 813 548 891 „Non
562 818 611 872 est
624 813 692 891 hic,
713 814 871 892 improbe,
891 832 954 873 non
968 820 1018 874 est

188 899 305 957 Piscis:
327 899 422 958 homo
437 905 503 971 est3
524 897 698 975 homiuem,
720 895 918 975 Calliodore,
941 898 1077 963 comes.“

524 1028 647 1090 XXXII.

145 1128 233 1188 Haec
248 1128 324 1187 mihi
339 1145 417 1206 quae
432 1126 546 1187 colitur
559 1124 649 1187 violis
663 1128 784 1206 pictura
798 1128 955 1207 rosisque,

189 1212 274 1287 Quos
288 1212 406 1271 referat
419 1210 538 1288 voltus,
562 1209 765 1288 Caediciane,
786 1211 899 1290 rogas?

146 1294 234 1355 Talis
249 1301 318 1354 erat
331 1296 456 1354 Marcus
472 1293 582 1353 mediis
596 1295 750 1354 Antonius
765 1296 852 1354 annis

188 1378 325 1438 Primus:
346 1379 379 1436 in
392 1379 452 1438 hoo
466 1380 608 1438 iuvenem
623 1397 657 1438 se
672 1377 759 1438 videt
774 1397 829 1438 ore
844 1396 947 1440 senex.

123 1464 209 1524 5Ars
224 1463 340 1522 utinam
356 1480 458 1522 mores
473 1463 667 1541 animmque
683 1463 835 1540 effingere
848 1463 970 1543 posset!

187 1545 355 1607 Pulchrior
370 1547 402 1606 in
418 1547 513 1606 terris
527 1543 612 1605 nulla
627 1545 745 1606 tabells
757 1547 851 1608 toret.

144 1776 324 1856 Simplicior
336 1779 465 1857 priscis,
485 1780 607 1841 Munati
623 1776 731 1857 Galle,
754 1779 893 1857 Sabinis,

190 1861 375 1940 Cecropium
392 1881 519 1941 superas
533 1863 586 1941 qui
598 1864 737 1923 bonitate
751 1882 877 1942 senem,

144 1944 198 2005 Sic
212 1945 272 2004 tibi
287 1948 447 2005 consoceri
462 1945 567 2006 claros
576 1949 717 2007 retInere
732 1953 862 2027 penates

188 2028 345 2109 Perpetua
360 2035 450 2089 natae
465 2028 521 2090 det
532 2030 601 2090 iace
618 2038 700 2091 casta
715 2031 840 2094 Venus:

120 2113 253 2190 111111,
274 2113 301 2171 si
313 2112 406 2172 1111111
421 2115 535 2172 tinctos
551 2116 697 2192 aerugine
711 2133 819 2174 versus

187 2196 285 2256 Forte
302 2194 397 2256 malus
412 2195 493 2256 livor
508 2196 624 2257 dixerit
638 2215 708 2258 esse
722 2216 824 2275 meos,

143 2279 189 2340 Ut
202 2280 295 2357 facis,
317 2282 437 2340 anobis
451 2280 570 2358 abigas,
591 2298 651 2339 nec
666 2282 821 2359 stringere
837 2298 1010 2360 quenquam

188 2361 279 2423 ’11111
296 2363 465 2424 contendas
481 2365 632 2441 carmina,
655 2365 707 2444 qui
719 2363 842 2443 legitur.

144 2447 237 2506 Hunc
252 2465 377 2507 servare
390 2447 514 2508 modum
528 2449 628 2508 nostri
642 2467 757 2508 novere
770 2447 890 2527 libelli,

111 2538 140 2592 lo
184 2531 321 2591 Parcere
334 2533 496 2611 personis,
517 2531 624 2592 dicere
641 2531 786 2597 devitiis.

510 2644 650 2706 XXXIV.

149 2740 186 2799 lli
202 2741 261 2800 tibi
277 2740 354 2800 dent
369 2741 535 2820 quidquid,
558 2741 672 2801 Caesar
691 2740 842 2821 Traiane,
863 2743 994 2803 mereris

184 2826 229 2885 Et
241 2831 309 2885 rata
322 2832 475 2904 perpetuo
491 2843 569 2902 quae
583 2825 724 2883 tribuere
738 2824 844 2887 velint.
864 2864 866 2867 ·

149 2907 203 2967 cui
218 2927 272 2967 sua
285 2909 425 2968 restituis
442 2908 573 2988 spoliato
590 2910 658 2966 iura
670 2914 819 2989 patrono,

186 2991 324 3051 Libertis
340 2991 412 3052 exul
427 3012 489 3051 non
505 2993 567 3052 erit
580 2992 633 3051 ille
651 2993 723 3054 suis.

94 3080 142 3130 5
152 3071 263 3152 Dignus
279 3093 329 3152 es,
350 3081 385 3134 ut
398 3078 498 3155 possis
513 3081 613 3135 totum
628 3093 752 3135 servare
766 3077 926 3138 clientem:

185 3159 230 3221 Ut
244 3189 288 3202 -
299 3156 396 3219 liceat
409 3166 528 3219 tantum
542 3178 615 3218 1111
629 3160 762 3238 probare
778 3194 821 3209 -ω
833 3167 935 3241 potes.

522 3294 650 3358 XXXV.

134 3384 260 3453 (tumes
275 3391 441 3473 Sulpiciam
454 3393 560 3472 legant
572 3393 713 3475 puellae,

123 3465 204 3536 llni
221 3495 300 3556 quae
316 3477 444 3558 eupiunt
457 3480 524 3538 viro
539 3477 683 3560 placem
