2370 3924
275 245 618 310 ursennnnnnon
631 246 705 308 nn
715 228 803 311 ’Χιιι
1002 245 1065 310 sss

300 450 465 512 CXXXIV.
486 447 602 512 Fasor'a
612 453 793 533 pectorales

103 550 214 613 Fsseio
229 557 409 611 crescentes
426 549 568 609 dominae
585 568 748 630 compesce
762 551 911 633 papillas,

145 637 188 698 Ut
204 637 245 695 sit
262 634 345 716 quod
360 635 461 714 capiet
474 639 582 693 nostro
595 639 743 714 tegatque
757 657 872 698 monus.

367 768 518 831 CXXXV.
541 767 719 830 Cenatoria.

101 870 168 932 Nec
182 870 251 930 fors
267 875 340 929 sunt
353 871 460 948 nobis,
480 887 540 930 nee
556 875 629 930 sunt
644 869 816 933 vadimonis
829 877 916 933 nota:

144 955 213 1014 Hoc
229 973 305 1034 opus
319 959 384 1032 est,
403 955 496 1034 pictis
511 955 690 1015 occubuisse
705 957 792 1017 toris.

385 1087 550 1151 cxxxvi.
574 1071 695 1150 sama.

103 1189 262 1272 Tempore
276 1185 410 1248 brumali
424 1206 486 1246 non
501 1185 629 1247 multum
642 1185 724 1248 levis
737 1197 884 1270 prosunt:

146 1273 321 1364 CalioeInnt
334 1270 400 1332 villi
414 1268 509 1352 pallis
522 1279 626 1333 vestro
639 1273 709 1334 mel.

299 1407 477 1470 CXXXVII.
499 1406 661 1470 Lacernae
675 1407 777 1469 albae.

100 1505 362 1587 Amphitheatrali
378 1525 434 1566 nos
450 1504 696 1566 commendemus
712 1507 749 1567 ab
764 1524 848 1584 usu,

145 1592 223 1653 Cum
236 1597 325 1672 teget
338 1589 479 1669 algentes
494 1590 563 1651 elbo
576 1589 702 1651 lacerus
716 1596 814 1669 togas.

355 1725 548 1789 CXXXVIII.
574 1724 724 1787 Mantele.

100 1821 245 1887 Nobilius
259 1823 367 1885 viIIoso
382 1829 490 1904 tegunt
505 1824 564 1885 tibi
578 1822 675 1885 linteo
691 1824 818 1884 citrum:

145 1908 281 1970 Orbibus
295 1911 328 1969 iu
344 1909 461 1969 nostris
476 1907 611 1969 circulus
627 1926 696 1968 esse
711 1914 826 1989 potest.

295 2043 456 2106 CXXXIX.
483 2042 612 2106 Cuculli
622 2043 789 2106 hibernien

99 2145 232 2224 Iungere
246 2145 375 2206 nescisti
388 2145 496 2222 nobis,
518 2164 535 2203 o
549 2142 662 2221 tulto,
683 2140 842 2204 lucernas:
869 2212 874 2219 ,

143 2227 407 2311 Indueras-elbon
430 2246 507 2288 exue
524 2227 676 2289 callainas.

355 2362 446 2423 CXL.
475 2359 597 2423 Udones
614 2360 721 2423 Cllr'er'i.

101 2463 173 2525 Nou
186 2464 245 2523 hos
257 2459 329 2522 leno
345 2461 452 2541 dedit,
474 2461 530 2522 sed
547 2459 662 2523 olentis
676 2464 773 2525 barbe
790 2463 911 2525 meriti:

145 2547 300 2628 Ciuyphio
315 2552 441 2628 poterut
454 2546 558 2627 pleuto
572 2545 674 2609 latere
691 2550 770 2609 sinu.

390 2682 492 2742 CXLI.
515 2680 688 2761 Synthesis.

100 2782 181 2844 Ilum
195 2788 267 2862 toga
280 2800 339 2863 per
355 2783 463 2860 quinos
477 2779 590 2860 gaudet
604 2782 806 2859 requiescere
819 2780 925 2860 luces,

144 2868 211 2928 Hos
224 2868 344 2948 poteris
359 2865 457 2926 cultus
473 2883 595 2925 sumere
610 2865 679 2925 iure
693 2872 756 2926 tuo.

404 2999 522 3062 CXLII.
545 3001 672 3062 Focale.

99 3104 134 3165 si
151 3104 338 3164 recitaturus
354 3101 472 3163 dedero
487 3104 546 3163 tibi
560 3103 644 3162 forte
659 3098 815 3178 libellum,

144 3190 212 3249 Hoc
225 3187 326 3249 focale
341 3194 408 3249 tuos
424 3194 542 3248 asseret
557 3184 718 3246 auriculas.

297 3322 426 3385 CXLIlI.
454 3323 591 3384 lundene
605 3319 789 3382 Patavinae.

99 3424 233 3492 Vellere
248 3430 430 3487 consumunt
446 3423 611 3485 Patavinae
626 3419 721 3482 multo
736 3418 873 3500 trilices,

143 3511 186 3572 Et
198 3512 329 3593 plngues
344 3511 463 3571 tunicas
477 3527 565 3572 serra
583 3525 692 3570 secure
703 3511 827 3591 potest.
