2370 3924
158 242 219 308 188
482 243 527 305 Μ.
543 242 636 306 VAL.
651 242 877 304 MARTIALIS

242 396 333 456 llunc
348 414 406 455 nec
421 396 591 474 Cinyphius
605 401 715 455 tonsor
729 393 908 475 violaverit,
924 403 957 458 et
971 403 1008 459 tu

283 480 353 558 lpse
368 486 421 539 tna
434 481 519 558 pasci
533 480 613 557 vite,
633 479 755 558 Lyaeo,
777 477 865 542 velis.

242 563 347 641 'l'erga
359 564 474 644 premit
488 562 618 642 pecudis
632 563 762 642 geminis
777 564 874 624 Amor
888 582 1003 625 aurens
1019 564 1079 626 alis

283 645 440 706 Palladius
455 653 567 706 tenero
581 645 663 706 lotos
680 647 716 706 ab
735 665 790 707 ore
806 654 904 708 sonat.

199 739 232 794 15
239 731 291 791 Sic
305 732 526 810 Methymnaeo
541 733 659 808 gavisus
673 732 791 790 Arione
807 730 936 812 delphin

281 814 439 893 Languida
452 833 514 874 non
527 816 654 875 tacitum
668 833 727 895 per
741 815 825 876 fretu
838 817 922 876 vexit
938 834 1027 875 onus.

238 899 357 959 Imbuat
371 899 529 978 egregium
546 897 640 977 digno
654 900 729 959 mihi
745 892 873 960 nectere
885 918 996 960 munus

92 1054 95 1059 Ι
281 981 351 1042 Νοιι
368 1001 463 1061 grege
482 981 522 1042 de
538 981 669 1062 domini,
691 981 749 1042 red
763 989 831 1061 tua,
854 984 966 1060 (leste,
989 981 1103 1046 manua

87 1052 109 1109 'l
240 1067 352 1144 (leste,
375 1065 470 1127 decus
486 1085 627 1146 mensae,
648 1068 744 1128 misce
758 1067 882 1127 Setinar
902 1066 1031 1128 videtur

196 1157 232 1210 20
279 1149 349 1230 lpse
365 1168 444 1231 puer
458 1151 564 1229 nobis,
582 1153 651 1231 ipse
666 1151 756 1211 sitire
773 1169 876 1231 caper.

238 1235 300 1294 Det
314 1253 475 1295 numerum
490 1236 608 1314 cyathis
623 1235 754 1295 Instanti
767 1232 876 1295 littera
891 1235 976 1295 llud:

280 1319 399 1379 Auctor
414 1322 496 1378 enim
510 1320 591 1378 tanti
607 1319 743 1378 muneris
760 1317 816 1378 ffle
833 1320 917 1380 mihi.

239 1401 272 1461 Si
288 1400 460 1463 Telethusa
473 1403 560 1462 venit
572 1403 785 1483 promissaque
801 1401 910 1480 gaudia
923 1407 1049 1483 portat,

282 1486 436 1547 Servabor
451 1487 608 1565 dominae,
627 1486 726 1564 Rufe,
748 1488 865 1546 triente
881 1494 952 1560 tuo3

195 1568 272 1630 assi
287 1569 379 1630 dubia
396 1577 460 1649 est,
483 1577 632 1651 septunce
645 1571 768 1646 trahar;
790 1571 816 1630 si
831 1568 915 1630 fallit
931 1575 1095 1634 amantem

280 1654 323 1714 Ut
338 1653 474 1734 iugulem
490 1674 594 1733 curas,
616 1673 729 1714 nomen
742 1660 906 1735 utrumque
920 1654 1034 1714 bibam.

645 1798 707 1859 LII.

238 1909 412 1969 Tonsorem
425 1927 571 1988 puerum,
595 1910 651 1970 aed
666 1917 732 1970 arte
747 1909 857 1989 talem,

238 1991 342 2070 Qualis
356 2010 415 2052 nec
432 1991 597 2054 Thalamus
614 1994 674 2053 fuit
688 1995 839 2074 Neronis,

236 2078 406 2136 Drusorum
423 2079 472 2135 cu'i
487 2080 646 2156 contigere
662 2080 793 2156 barbae,

236 2159 422 2241 Aequandas
438 2160 536 2220 semel
554 2162 590 2221 ad
607 2181 701 2240 genas
716 2169 841 2240 rogatus

214 2245 335 2321 bllufo,
359 2244 560 2324 Caedicium,
585 2245 780 2305 commodavi.

235 2329 314 2387 Dum
329 2330 430 2388 iussus
444 2330 562 2409 repetit
576 2328 656 2409 pilos
672 2328 814 2408 eosdem,

236 2413 376 2472 Censura
388 2410 508 2490 speculi
522 2432 642 2472 manum
657 2420 806 2491 regente,

234 2495 443 2574 Expingitque
459 2501 560 2554 cutem
574 2496 711 2574 facitque
726 2495 848 2576 longum

235 2578 381 2637 Detonsis
397 2579 622 2658 epaphaeresin
637 2578 774 2660 capillis,

193 2662 383 2724 10Barbatus
398 2663 472 2722 mihi
486 2671 594 2723 tonsor
609 2669 657 2724 est
669 2683 823 2726 reversus.

634 2794 710 2855 Llll.

234 2905 469 2969 Formosissima
485 2927 563 2987 quae
576 2909 666 2967 fuere
680 2906 731 2967 vel
745 2914 832 2985 suut,

109 3042 119 3057 ,
237 2989 301 3049 Sed
314 2989 462 3052 vilissima
478 3009 555 3070 quae
570 2990 660 3049 fuere
675 2991 724 3050 vel
739 2998 826 3068 sunt,

128 3096 143 3111 ,
235 3073 367 3152 Oquam
384 3083 416 3135 te
430 3076 517 3151 lieri,
541 3073 679 3153 Catulla,
701 3073 814 3135 vellem

233 3155 414 3218 Formosam
428 3159 544 3236 minus,
568 3164 618 3217 aut
633 3160 728 3237 magis
742 3157 900 3239 pudicam!

633 3285 711 3348 LIV.

234 3399 348 3476 Magna
363 3397 440 3459 licet
454 3401 569 3459 totiens
580 3384 720 3476 tribuas,
742 3401 856 3459 maiora
871 3399 998 3461 daturus

271 3482 377 3566 Dona,
402 3482 512 3546 dueum
529 3485 646 3564 victor,
667 3485 766 3544 victor
783 3485 897 3563 etipse
912 3485 975 3562 tui,
