2370 3924
90 225 136 291 82
414 225 460 289 M.
475 224 569 288 VAL.
585 224 810 286 MARTIALIS

220 376 288 438 Non
305 383 466 457 expectato
481 375 534 437 det
548 378 622 436 mihi
637 377 716 436 ieme
729 395 815 455 rugo.

177 463 235 522 Est
251 463 329 522 etin
343 463 402 522 hoc
419 459 550 538 aliquid:
571 460 650 520 vidit
662 479 711 520 me
725 459 821 521 Rome
835 463 995 526 tribunum

135 554 171 609 10
218 545 260 605 Et
275 545 369 605 sedeo
387 565 447 624 que
465 551 497 605 te
512 545 640 604 suscitat
655 545 805 605 Oceanus.

179 630 261 706 Quot
275 630 351 688 mihi
366 629 519 688 Caesareo
534 628 610 688 faeti
624 633 698 687 suut
709 645 837 688 muuere
853 628 952 709 cives,

219 713 284 772 Nec
298 710 428 772 famulos
443 710 574 772 totidem
589 712 728 792 suspicor
743 729 812 772 esse
828 713 895 774 tibi,

178 796 241 857 Sed
255 796 445 876 predicaris,
467 794 683 876 serpulum,
706 793 859 874 Neevole‚
882 815 992 859 eevest

219 880 281 941 Iam
294 881 354 940 ium
368 885 402 939 tu
416 880 503 959 prior
516 898 565 959 es,
587 877 739 940 Neevole:
759 880 872 957 vineis,
894 900 959 944 eve.

563 1013 669 1076 xcvi.

177 1127 300 1205 LIngis‚
320 1146 382 1186 nou
396 1127 492 1187 futuIs
505 1145 604 1187 meam
617 1125 751 1207 puellum

178 1211 220 1272 Et
235 1211 332 1289 garris
350 1212 437 1289 quasi
450 1213 597 1271 moechus
612 1217 644 1271 et
659 1211 788 1270 fututor.

179 1295 212 1355 Si
227 1300 259 1355 te
274 1295 447 1374 prendere,
471 1292 607 1373 Gergili,
629 1295 756 1355 tacebis.

553 1427 675 1491 xcvu.
750 1407 766 1424 “

176 1542 223 1602 Ne
236 1540 322 1621 legat
335 1542 417 1601 hune
432 1540 569 1619 Chione,
590 1538 700 1600 mando
716 1541 790 1619 tibI,
809 1541 906 1621 Rufe,
926 1540 1081 1609 libellum.

221 1626 364 1687 GurmIne
377 1622 462 1685 laesa
476 1643 544 1685 meo
560 1630 624 1702 est,
644 1621 773 1684 laedere
788 1631 821 1685 et
834 1623 889 1686 illa
903 1633 1017 1708 potest,

532 1842 535 1855 Ι
549 1757 683 1820 XCVIII.

179 1873 227 1934 Sit
240 1872 327 1933 culus
341 1875 399 1934 tibi
414 1893 503 1951 quem
517 1891 620 1933 macer
634 1874 790 1953 requiris?

179 1956 349 2017 Paedicare
363 1963 469 2038 potes,
491 1954 632 2034 Sabelle,
656 1957 734 2020 culo.

559 2091 665 2152 xclx.

178 2202 272 2263 Irasci
286 2210 392 2264 nostro
408 2223 471 2264 uon
485 2202 597 2282 debes,
620 2203 733 2282 cerdo,
754 2201 874 2268 libello.

220 2288 280 2347 Ars
295 2294 363 2366 tua,
384 2307 446 2349 non
459 2290 523 2349 vite
536 2295 585 2349 est
599 2290 733 2349 carmine
747 2286 832 2347 Iaesu
845 2306 924 2348 meo.

126 2431 128 2434 ,
177 2371 247 2430 Nou
261 2390 375 2432 nocuos
389 2374 536 2453 permitte
552 2370 642 2433 seles.
675 2372 739 2433 Gur
751 2370 863 2433 ludere
877 2372 967 2432 uobis

220 2454 288 2513 Non
302 2452 413 2535 liceat,
431 2455 521 2517 licuit
535 2457 561 2515 si
574 2455 713 2535 iugulere
728 2455 809 2516 tibi?

594 2589 628 2649 C.

178 2700 345 2761 Cursorem
361 2707 447 2761 sexta
460 2701 535 2780 tihi,
556 2700 653 2779 Rufe,
673 2702 847 2761 remisImus
865 2702 959 2780 hore,

221 2784 364 2845 Curmiue
379 2805 468 2865 quem
483 2782 637 2844 madidum
651 2791 756 2845 nostru
771 2783 880 2845 tulisse
895 2803 982 2848 reor.

178 2867 328 2931 Imbribus
343 2869 513 2930 Immodicis
529 2867 648 2929 caelum
663 2889 733 2929 nam
749 2869 833 2929 forte
847 2872 967 2929 ruebat.

219 2953 287 3016 Nou
304 2952 397 3014 aliter
413 2953 494 3013 mitti
510 2950 617 3012 debuit
631 2955 691 3013 iste
705 2951 796 3014 liber.

529 3179 705 3196 unm-a
