2346 3938
108 221 175 285 dm
431 220 477 282 M.
491 220 585 282 VAL.
599 220 827 283 sinamus

583 422 679 484 LXV.

191 537 343 598 Formosa
355 535 479 616 Phyllis
492 544 586 596 nocte
600 555 670 596 cum
685 536 762 595 milri
775 541 843 596 tots

191 620 234 679 Se
248 622 459 699 praestitisset
472 622 614 681 omnibus
627 617 728 678 modis
741 618 876 698 largum,

191 705 234 764 Εἰ
246 705 415 780 cogitarem
429 724 518 764 mane
533 702 618 783 quod
630 702 738 763 durem
751 723 878 782 munus,

191 788 345 848 Utrumne
359 789 479 866 Cosmi,
498 788 656 848 Nicerotis
667 807 707 846 an
719 785 850 865 librum,

171 873 241 931 5An
255 871 448 931 Baeticarum
462 871 584 952 pondus
598 890 670 930 scre
679 869 837 950 lunarum,

192 957 242 1014 An
256 953 296 1013 de
313 964 437 1016 moneta
450 957 594 1017 Caesaris
608 954 718 1015 decern
732 956 844 1015 ssavos:

193 1036 344 1116 nplera
359 1039 473 1100 collum
488 1042 637 1117 basioque
650 1045 714 1099 turn
727 1037 823 1117 longo
1015 1116 1018 1119 ¹

192 1121 355 1199 Blandita,
377 1143 467 1202 quarn
481 1133 554 1183 sunt
567 1125 694 1203 nuptiae
708 1121 938 1204 columbarum,

192 1207 314 1284 Rogare
329 1209 435 1287 coepit
447 1207 567 1288 Phyllis
584 1208 761 1286 amphoram
775 1208 848 1267 vini.

576 1341 684 1403 nm

192 1453 246 1512 Bis
262 1456 487 1533 quinquagenis
501 1453 609 1514 domus
626 1461 676 1514 est
689 1455 748 1513 tibi
761 1453 886 1515 milibus
901 1464 1022 1538 empta,

235 1537 384 1599 Vendere
399 1559 489 1618 quam
504 1558 620 1598 summa
631 1538 683 1599 vel
696 1539 842 1599 breviore
858 1542 956 1620 cupis.

192 1622 271 1680 Arte
286 1622 344 1682 sed
358 1629 531 1701 emptorem
542 1623 628 1682 vsfra
641 1623 830 1703 corrumpis,
850 1625 1010 1705 rimosae,

235 1706 278 1766 Et
292 1726 362 1766 casa
378 1706 493 1766 divitiis
508 1707 669 1766 ambitiosa
681 1705 769 1766 latet.

171 1789 398 1850 5Gernmsntes
411 1792 512 1871 prima
524 1789 649 1869 fulgent
662 1789 821 1850 testudine
833 1789 928 1870 lecti,

237 1873 278 1932 Et
292 1875 480 1934 Maurusiaci
493 1873 634 1954 pondera
647 1894 718 1934 rara
732 1875 820 1948 citri;

194 1958 366 2033 Argentum
381 1965 474 2035 atque
490 1979 596 2017 aurum
609 1978 671 2018 non
685 1957 817 2038 simplex
830 1958 984 2040 Delphica
996 1968 1094 2042 portat

236 2041 325 2102 Stant
344 2045 450 2122 pueri,
473 2041 613 2102 dominos
628 2062 705 2122 quos
718 2061 832 2122 precer
847 2062 916 2103 esse
931 2064 1025 2108 meos.

195 2124 315 2185 Deinde
332 2125 465 2185 ducenta
480 2146 587 2203 sonus,
608 2133 640 2186 et
656 2129 717 2204 ais,
738 2146 800 2186 non
816 2146 886 2187 esse
901 2131 1038 2190 minoris.

151 2217 185 2267 10
234 2209 418 2271 Instructam
432 2210 485 2270 vili
500 2209 626 2288 vendis,
650 2213 802 2290 Amoene,
826 2210 960 2276 domum.

567 2345 689 2406 LXVII.

193 2454 294 2514 Maiae
310 2457 500 2516 Mercurium
515 2461 643 2518 creastis
657 2458 737 2521 ldus.

192 2538 339 2614 Augustis
356 2539 440 2598 redit
454 2540 558 2599 Idibus
572 2542 677 2603 Diana.

193 2621 345 2682 Octobres
362 2624 451 2683 Maro
468 2627 659 2686 consecravit
674 2626 753 2687 ldus,

191 2703 262 2765 ldus
278 2726 371 2788 saepe
388 2706 470 2767 colas
486 2716 519 2767 et
532 2709 586 2767 has
603 2717 635 2768 et
649 2709 734 2786 illas,
845 2746 854 2763 a

170 2790 254 2866 oQui
269 2794 369 2870 magni
384 2791 524 2854 celebras
539 2794 679 2853 Maronis
693 2792 773 2854 Idus.

561 2926 694 2988 LXVlll.

126 3005 130 3083 l
192 3034 347 3096 Matutine
364 3036 478 3114 cliens,
501 3039 586 3097 urbis
602 3040 677 3097 mihi
693 3059 780 3099 causa
795 3037 942 3119 relictae,

125 3122 128 3189 ξ
231 3120 335 3198 Atria,
358 3123 384 3179 si
400 3122 516 3200 sapias,
539 3123 699 3183 ambitiosa
713 3122 805 3183 colos.

65 3228 95 3337 pp
123 3200 127 3249 l
188 3200 258 3260 Non
272 3223 339 3262 sum
354 3223 410 3282 ego
427 3205 614 3282 causidicus,
637 3225 696 3266 nec
711 3208 820 3266 amaris
837 3206 944 3268 litibus
960 3215 1063 3290 aptus,

120 3320 123 3341 .
232 3286 295 3344 Sed
308 3289 398 3366 piger
412 3297 445 3347 et
459 3291 563 3349 senior
577 3290 798 3370 Pieridumque
813 3311 924 3352 comes.

120 3352 123 3449 ξ
169 3368 265 3429 notia
279 3388 327 3428 me
343 3390 527 3450 somnusque
540 3375 660 3452 iuvant,
684 3395 762 3455 quae
777 3395 886 3454 magns
899 3376 1023 3456 negavit

119 3452 122 3511 ξ
232 3454 329 3514 Roma
342 3455 433 3515 milri:
455 3456 570 3538 redeo,
592 3460 619 3518 si
633 3457 778 3538 vigilatur
793 3466 825 3520 et
840 3461 899 3522 hic.

83 3524 233 3680 ,Α
