2370 3924
285 232 714 319 mrcuauuaronum.
729 235 808 299 xlv.
1006 235 1064 302 sn

377 438 511 500 cxciv.
524 425 685 498 'nocam

103 540 185 603 Sunt
199 537 339 622 quidam,
362 541 414 620 qui
430 558 479 599 me
495 537 600 597 dicant
612 556 676 598 nou
691 556 764 618 esse
773 544 912 620 poetam:

146 623 211 686 Sed
226 625 279 704 qui
291 641 342 684 mc
358 623 468 684 vendit
481 618 666 702 bibliopola,
687 628 783 704 putat.

389 758 509 823 GXGV.
535 757 690 820 Garunna.

101 861 238 925 Tantum
251 877 360 939 magua
374 879 429 921 suo
445 859 541 923 debet
552 861 678 925 Verona
694 855 835 938 Catullo,

144 946 297 1023 Quantum
311 963 405 1024 parva
418 965 473 1006 suo
487 946 616 1006 Mantua
632 942 783 1021 Vergilio.

221 1076 354 1142 cxcvi.
380 1077 472 1140 Calor·
484 1080 524 1140 de
537 1098 640 1161 aquae
648 1077 788 1160 fngidae
802 1096 871 1138 uso.

100 1181 190 1243 Haec
204 1181 262 1241 tibi
279 1198 358 1258 quae
373 1180 478 1240 fontes
492 1185 526 1239 ct
539 1198 683 1256 aquarum
698 1180 822 1239 nomina
837 1177 929 1258 dicit,

142 1264 212 1345 Ipsa
230 1283 300 1324 suar
314 1260 426 1323 melius
444 1265 551 1325 charta
568 1265 694 1324 nutabat
708 1282 811 1342 aquas.

323 1396 472 1463 cxcvii.
494 1397 602 1459 Mulae
611 1397 761 1478 pumilae.

99 1501 159 1563 IIis
174 1501 232 1563 tibi
248 1499 289 1560 dc
305 1497 396 1560 muIis
410 1519 474 1560 nou
489 1506 538 1560 est
552 1495 719 1560 metuenda
735 1497 838 1557 ruina:

144 1581 248 1646 Altius
266 1585 300 1643 iu
314 1591 401 1645 terra
416 1602 509 1665 saepe
524 1583 637 1644 sedere
651 1580 743 1642 soles.

282 1718 444 1783 CXCVIII.
468 1717 595 1780 Catella
611 1714 789 1778 Gallicana,

99 1815 235 1878 Delicias
248 1820 361 1898 parvae
376 1817 403 1877 si
417 1817 463 1876 vis
479 1814 588 1875 audire
602 1813 751 1892 catellae,

143 1900 289 1962 Narranti
304 1902 407 1963 brevis
423 1905 472 1960 est
483 1901 594 1981 pagiua
607 1904 674 1960 tota
687 1898 772 1960 mihi.

390 2033 522 2095 cxclx.
546 2034 692 2096 Asturco.

99 2134 162 2196 Hic
176 2134 279 2194 brevis
293 2133 333 2194 ad
347 2152 493 2194 numeros
506 2133 647 2214 rapidum
664 2135 716 2212 qui
732 2131 852 2212 colligit
864 2125 1012 2215 unguem,¹

144 2217 241 2282 Venit
255 2220 292 2279 ab
308 2218 452 2278 auriferis
467 2219 610 2295 gentibus
623 2219 719 2277 Astur
735 2235 842 2295 equus.

356 2351 418 2413 00.
433 2348 541 2412 'Gonia
553 2356 730 2432 vertragua.
835 2367 839 2374 ’

100 2449 172 2512 Νοιι
185 2450 262 2528 siin,
286 2447 343 2509 sed
359 2447 483 2508 domiuo
498 2453 629 2509 venatur
641 2453 803 2528 vertragus
818 2466 908 2528 acer,

145 2531 287 2595 illaesum
301 2534 444 2614 leporem
459 2533 512 2613 qui
525 2532 584 2592 tibi
601 2531 696 2594 ‹Iente
710 2532 802 2594 feret.

388 2667 463 2729 CCI.
486 2666 688 2727 Palaestrita.

100 2769 171 2831 Non
187 2786 253 2827 amo
271 2765 354 2845 quod
368 2768 470 2826 vincat
506 2763 561 2824 red
579 2762 662 2842 quod
676 2765 877 2825 succumbere
891 2765 977 2825 uovit

144 2852 186 2913 ut
200 2848 310 2911 didicit
324 2848 435 2910 melius
449 2866 511 2927 την
529 2837 812 2926 ἄνακλινοιιάλην.

317 3016 320 3024 ·
425 2984 512 3046 ccli.
536 2981 660 3044 Simius.

101 3082 242 3146 Callidus
258 3085 385 3144 emissas
400 3082 530 3144 eludere
545 3083 650 3142 simius
667 3081 789 3158 hastaag

145 3168 178 3228 Si
193 3168 269 3227 mihi
284 3168 380 3228 cauda
393 3168 495 3245 foret,
519 3165 755 3244 cercopithecus
770 3182 863 3226 cram.

330 3302 432 3363 cciii.
457 3301 570 3363 Puella
585 3300 755 3362 Gaditana.

48 3480 51 3485 ¹
100 3402 181 3464 Tum
195 3401 361 3463 tremulum
384 3404 511 3480 crissat,
533 3407 596 3460 tam
610 3397 757 3460 blandum
773 3400 890 3480 prurit,
913 3403 947 3458 ut
961 3398 1060 3479 ipsum

144 3486 407 3549 Masturbatorem
421 3487 535 3547 fecerit
548 3481 761 3566 Hippolytum.
