2346 3938
434 226 481 294 M.
496 227 589 293 VAL.
606 229 834 292 MARTIALIS

606 432 671 496 XL.
740 482 748 497 .

147 546 259 608 .Hic
275 547 358 609 iacet
370 543 427 608 ille
441 566 553 627 senex,
575 549 713 628 Augusta
728 550 844 609 notus
834 569 868 609 ιιι
884 549 971 632 aula,

143 652 150 709 :¹
239 630 374 693 Pectore
389 652 450 692 non
465 631 575 692 humili
587 652 696 713 passus
711 639 875 712 utrumque
891 633 999 713 deum3

141 713 345 777 Natorum
359 718 459 797 pietas
474 719 587 777 sanctis
603 736 694 796 quem
708 718 846 796 coniugis
861 721 978 781 umbris

96 830 120 859 ..ι
141 818 146 853 ι
239 802 382 862 Miscuit:
404 799 543 879 Elysium
556 800 697 881 possidet
711 803 798 862 ambo
814 821 933 868 nemus.

114 946 118 951 ,
142 883 323 947 {5000th
336 883 391 945 illa
405 886 492 965 prior
506 884 597 945 viridi
612 885 776 946 fraudata
765 894 908 948 iuventa.

114 966 119 1007 Ξ
142 988 148 1061 {-
239 969 300 1029 Hie
313 987 412 1049 prope
426 974 477 1029 ter
494 987 583 1030 senas
598 970 673 1030 vixit
688 969 893 1050 Olympiadas.

142 1051 262 1112 :Sed
275 1054 431 1114 festinatis
445 1058 567 1132 raptum
582 1055 640 1115 tibi
655 1052 791 1115 credidit
806 1056 910 1134 annis,

142 1118 151 1263 ⁵,
239 1137 370 1219 Aspexit
381 1135 523 1198 lacrimas
539 1138 695 1217 quisquis,
713 1139 863 1220 Etrusco,
882 1146 962 1204 tuas.

147 1268 154 1329 i
596 1272 673 1335 XLI.

197 1389 354 1450 Cosmicos
373 1408 442 1451 esse
458 1391 516 1450 tibi
524 1389 719 1471 ,Semproni
733 1390 856 1470 Tucca,
877 1389 1010 1452 videris:

239 1474 395 1553 Cosmica,
417 1474 598 1556 Semproni,
620 1480 683 1535 tam
697 1472 792 1555 mala,
816 1494 906 1554 quam
920 1477 1002 1537 bona
1016 1483 1088 1540 aunt

585 1609 676 1670 XLII.

196 1722 380 1783 Muneribus
397 1720 501 1801 cupiat
516 1721 542 1780 si
557 1721 625 1801 quis
641 1719 833 1782 contendere
847 1728 968 1803 tecum,

237 1804 360 1866 Audeat
373 1805 425 1865 hic
439 1806 549 1884 etiam,
571 1806 729 1886 castrice,
752 1808 948 1868 carminibus.

193 1889 257 1951 Nos
272 1890 406 1950 tenues'
396 1906 430 1948 ιιι
444 1895 577 1969 utroque
595 1909 697 1950 sumus
711 1891 854 1970 vincique
867 1891 986 1973 parati.

205 1972 311 2034 Inde
327 1992 420 2054 sopor
435 1975 524 2034 nobis
540 1979 572 2034 et
585 1972 690 2053 placet
705 1973 766 2035 alta
780 1977 912 2054 quies.-

173 2056 275 2121 5Tam
290 2056 370 2119 mala
384 2077 439 2116 cur
453 2057 548 2137 igitur
563 2057 704 2118 dederim
719 2059 777 2120 tibi
792 2059 942 2138 carmina,
967 2057 1102 2139 quaeris?

234 2142 364 2204 Alcinoo
378 2140 495 2203 nullum
509 2162 599 2223 poma
612 2141 736 2202 dedisse
749 2144 861 2222 putas?

573 2277 676 2339 XLIII.

192 2392 328 2454 Primum
343 2399 406 2472 est,
427 2398 462 2453 ut
474 2400 633 2473 praestes,
656 2394 682 2454 si
697 2390 771 2473 quid
785 2399 834 2472 te,
857 2394 971 2472 Cinna,
992 2393 1111 2472 rogator

180 2488 186 2496 “
233 2475 315 2538 Illud
329 2476 443 2537 deinde
459 2495 608 2556 sequens,
630 2484 665 2537 ut
680 2480 758 2557 cito,
781 2479 895 2557 Cinna,
915 2495 1024 2556 neges.

191 2558 294 2640 Diligo
307 2567 534 2642 praestantem
555 2581 618 2621 non
633 2560 701 2640 odi,
724 2563 838 2640 cinna,
858 2568 1040 2641 negantem:

234 2644 298 2706 Sed
311 2653 346 2706 tu
358 2665 418 2706 nec
431 2652 587 2726 praestas,
605 2664 664 2706 nec
679 2647 758 2725 cito,
778 2648 893 2725 Cinna,
914 2665 1018 2726 negas.

577 2781 685 2844 XLIV.

191 2893 341 2955 Maximus
354 2892 409 2955 ille
425 2901 511 2974 tuus,
535 2895 643 2974 Ovidi,
667 2895 834 2957 Caesonius
850 2893 902 2954 hic
917 2899 983 2972 est,

233 2978 327 3038 Cuius
343 2978 441 3039 adhuc
455 2978 571 3039 voltum
586 2979 685 3039 vivida
700 2999 772 3040 cera
786 2983 882 3039 tenet.

189 3062 280 3122 Hune
294 3062 378 3122 Nero
398 3061 565 3122 damnavit:
585 3062 642 3123 sed
654 3070 688 3123 tu
705 3063 849 3124 damnare
864 3061 1022 3124 Neronem

233 3146 334 3206 Ausus
350 3165 384 3206 es
398 3151 432 3206 et
445 3146 587 3225 profugi,
609 3166 672 3206 non
684 3153 754 3226 tua,
775 3149 839 3207 fata
853 3151 951 3226 sequi.

168 3232 337 3309 5Aequora
353 3248 411 3310 per
428 3229 550 3310 Scyllae
565 3250 691 3311 magnus
707 3251 811 3294 comes
826 3233 924 3293 exulis
937 3233 1009 3312 isti,

232 3315 292 3391 Qui
306 3313 397 3374 modo
411 3314 555 3376 nolueras
570 3315 705 3378 consulis
719 3319 764 3378 ire
779 3336 892 3379 comes.

190 3396 223 3457 Si
237 3400 355 3458 victura
369 3400 446 3460 meis
459 3399 642 3462 mandantur
658 3403 781 3463 nomina
795 3403 911 3462 chartis

232 3483 274 3545 Et
286 3483 334 3542 fas
349 3490 398 3544 est
414 3486 513 3545 cineri
526 3504 575 3547 me
591 3506 756 3568 superesse
772 3506 857 3548 meo:
