2370 3924
90 222 155 289 290
409 223 454 285 Μ.
472 222 566 287 VAL.
582 224 811 286 MARTldLlS

135 376 317 455 15Quamuis
331 395 393 436 non
408 372 528 436 modico
545 374 668 437 caleant
681 377 858 457 spectacula
873 377 961 461 sole,

218 459 298 523 Vela
311 459 520 538 reducuntur,
543 479 611 520 eum
623 463 709 522 venit
722 462 951 542 Hermogenes.

176 545 339 607 Festinant
353 542 469 626 trepidi
485 544 698 625 substringere
713 547 841 607 carbaso
853 554 986 628 nautae,

219 627 268 690 Ad
282 634 405 709 portum
421 628 564 706 quotiens
578 631 681 707 paruit
695 630 923 709 Hermogenes.

176 712 314 791 Linigeri
328 713 450 791 lugiunt
465 710 542 771 calci
556 713 742 792 sistrataque
756 715 864 792 turba,

133 806 168 859 20
217 798 301 858 Inter
315 795 479 857 adorantes
494 814 562 854 cum
576 797 665 856 stetit
678 798 906 876 Hermogenes.

175 880 224 941 ild
240 898 345 941 cenam
360 880 575 959 Hermogenes
589 899 726 960 mappam
743 901 807 940 non
825 880 929 944 attulit
946 903 1093 965 unquam,

218 965 245 1024 A
260 982 337 1024 eene
351 981 474 1043 semper
488 961 613 1024 rettulit
625 964 850 1044 Hermogenes.

566 1127 661 1187 XXX.

177 1241 300 1322 Siccus,
322 1243 443 1304 sobrius
460 1248 508 1303 est
521 1244 624 1324 Aper3
647 1244 721 1324 quid
737 1244 776 1305 ad
790 1246 863 1305 me?

176 1325 303 1390 Seruum
317 1327 361 1388 sic
376 1344 434 1406 ego
449 1324 559 1406 laudo,
581 1347 643 1388 non
659 1330 796 1390 amicum.

555 1474 664 1539 XXXl.

177 1587 245 1647 lloc
260 1605 383 1667 nemus,
404 1588 572 1667 bisontes,
594 1589 671 1648 haec
686 1586 804 1649 textilis
818 1591 927 1650 umbra
944 1595 1049 1673 supini

218 1670 375 1751 Palmitis,
397 1673 456 1733 hoe
471 1674 576 1752 riguae
592 1670 709 1733 ductile
724 1674 839 1733 flumen
854 1692 971 1754 aquae,

175 1756 330 1836 Prataque
345 1775 403 1817 nec
418 1757 520 1817 bifero
535 1775 659 1818 cessura
674 1758 791 1818 rosaria
805 1757 919 1818 Paesto

219 1839 369 1920 Quodque
383 1841 464 1901 viret
480 1842 543 1902 lani
559 1858 681 1920 meuse,
696 1861 763 1911 „nec
778 1839 862 1920 alget
877 1841 966 1920 olus;

155 1923 327 2003 bQuaeque
344 1932 429 1985 natat
444 1924 538 1986 clusis
554 1924 687 2004 anguilla
702 1924 871 1987 domestica
886 1926 1043 2009 lymphis,

218 2007 365 2089 Quaeque
382 2010 464 2087 gerit
479 2009 597 2070 similes
612 2009 740 2070 candida
756 2012 853 2070 turris
870 2031 957 2072 ares:

175 2090 306 2152 Munera
321 2099 392 2152 sunt
407 2092 560 2154 dominae:
582 2100 653 2174 post
668 2095 799 2174 septima
810 2092 908 2155 lustra
921 2115 1056 2158 reverso

217 2176 283 2236 llos
300 2175 452 2237 Marcella
467 2178 549 2239 lares
563 2197 718 2258 parvaque
734 2197 831 2257 regna
845 2178 941 2240 dedit.

176 2260 209 2320 Sl
226 2262 300 2322 milri
315 2262 465 2322 Nausicaa
478 2263 595 2343 patrios
610 2261 799 2322 concederet
816 2264 940 2340 hortos,

136 2354 169 2405 10
220 2344 351 2407 llieinoo
367 2366 490 2426 possem
505 2346 612 2407 dicere
628 2344 735 2424 „Malo
748 2348 866 2408 meos.“

553 2511 676 2574 XXXll.

175 2621 201 2683 0
215 2618 358 2682 luliarum
375 2621 509 2684 dedecus
523 2619 744 2700 Kalendarum,

175 2704 266 2785 Vidi,
288 2707 441 2786 Vacerra,
463 2708 598 2767 sarcinas
612 2712 696 2784 tuas,
718 2705 800 2780 vidi3

177 2790 258 2867 Quas
273 2811 333 2852 non
349 2798 487 2853 retentas
502 2792 652 2872 pensione
667 2809 725 2870 pro
741 2791 822 2850 bima

176 2876 325 2936 Portabat
338 2896 414 2937 uxor
428 2877 497 2935 rusa
512 2877 648 2935 crinibus
662 2881 783 2954 septem

153 2958 217 3021 alit
230 2978 297 3018 eum
317 2979 426 3020 sorore
441 2978 514 3020 cana
529 2965 628 3018 mater
642 2960 771 3037 ingenti.

173 3041 285 3104 Furias
297 3045 400 3123 putavi
415 3050 507 3103 noete
519 3043 600 3102 Ditis
615 3061 759 3103 emersas.

175 3126 240 3187 llas
254 3132 288 3186 tu
301 3129 424 3208 priores
437 3129 556 3206 frigore
573 3133 605 3187 et
619 3128 699 3188 ieme
715 3128 814 3187 siccus

67 3254 70 3259 -
175 3209 217 3271 lit
231 3229 293 3270 non
307 3213 427 3273 recenti
441 3211 576 3293 psllidus
591 3213 685 3290 magis
699 3212 779 3270 buxo

175 3293 241 3354 lrus
255 3300 377 3355 tuorum
394 3301 566 3376 temporum
582 3295 771 3375 sequebaris.

1 3388 8 3426 .·
37 3392 40 3397 ·
134 3376 311 3458 lolillgrare
326 3378 436 3439 clivom
453 3379 599 3440 crederes
614 3380 782 3444 Aricinum.

172 3460 241 3524 lbat
253 3463 354 3548 tripes
369 3465 512 3546 grabatus
527 3470 559 3524 et
573 3465 662 3545 bipes
677 3483 799 3544 mensa,
919 3515 924 3524 .

14 3860 80 3867 --.
92 3834 228 3868 ,Α
