2370 3924
303 222 641 285 EPIGRAMMATON
658 224 731 287 Lm.
750 227 787 290 V.
1003 231 1062 295 123

486 424 592 486 LXIV.

105 539 286 615 Sextantes,
310 536 456 616 Calliste,
479 536 555 598 duos
571 538 700 600 infunde
713 539 859 621 Falerni,

146 621 197 682 Tu
211 639 305 702 super
321 623 467 699 aestivos,
489 620 627 701 Alcime,
650 623 735 684 solve
748 627 844 688 nives.

103 707 289 784 Pinguescat
302 706 396 764 nimio
411 704 550 767 madidus
565 708 640 766 mibi
655 710 749 768 crinis
766 729 881 769 amomo

144 789 375 868 Lassenturque
391 791 470 850 rosis
480 795 626 870 tempora
639 790 792 856 sutilibus.

78 873 164 936 5lam
177 873 278 933 vicina
290 873 400 933 iubent
413 893 470 934 nos
486 875 590 935 vivere
606 875 781 954 Mausolea,

143 958 219 1018 Gum
235 955 384 1034 doceant,
406 958 489 1036 ipsos
503 977 595 1037 posse
608 960 714 1038 perire
729 958 813 1023 deos.

490 1091 583 1154 LXV.

101 1207 194 1265 Astra
210 1203 378 1284 polumque
394 1203 496 1282 dedit,
519 1208 653 1283 quamvis
668 1207 811 1266 obstante
821 1225 972 1284 noverca,

142 1287 271 1350 Alcidae
285 1289 418 1350 Nemees
430 1296 535 1348 terror
548 1296 581 1348 et
595 1291 692 1349 Arcas
710 1307 785 1368 aper

101 1374 142 1434 lot
156 1374 334 1451 castigatum
348 1374 483 1453 Libycae
497 1391 619 1433 ceroma
632 1371 807 1453 palaestrae

142 1457 184 1517 Et
198 1458 297 1535 graiis
313 1458 344 1517 iu
362 1456 467 1518 Siculo
484 1456 613 1537 pulvere
629 1465 714 1517 tusus
728 1458 829 1535 Eryx,

76 1540 316 1619 5Silvarumque
330 1546 464 1619 tremor,
485 1542 579 1600 tacita
594 1543 645 1619 qui
658 1540 768 1600 fraude
784 1539 905 1600 solebat

140 1626 263 1685 Ducere
277 1643 336 1685 nec
350 1631 452 1685 rectas
468 1625 566 1684 Cacus
579 1625 611 1682 in
629 1631 716 1684 antra
730 1626 833 1684 boves.

99 1709 161 1769 [sta
175 1720 263 1786 tuae,
288 1709 418 1785 Caesar,
442 1715 534 1787 quota
548 1727 619 1787 para
635 1713 793 1787 spectatur
808 1707 966 1767 harenae?

141 1793 201 1852 Dat
214 1793 329 1852 maiora
342 1812 438 1852 novus
452 1791 572 1872 praelia
585 1811 673 1852 mane
689 1790 764 1851 dies.

99 1877 181 1952 Quot
195 1878 334 1955 graviora
350 1876 462 1935 cadunt
475 1877 629 1937 Nemeaeo
644 1874 784 1956 pondera
796 1875 957 1935 monstro?

10 1987 12 1993 ·
55 1972 92 2024 ιο
140 1960 222 2037 Quot
237 1966 289 2020 tuo
302 1959 475 2021 Maenalios
490 1958 623 2021 collocat
639 1961 726 2020 hasta
741 1960 835 2019 sues?

98 2043 260 2106 Reddatur
274 2045 300 2104 si
314 2063 416 2123 pugna
430 2043 544 2123 triplex
560 2046 693 2123 pastoris
709 2044 837 2120 Hiberi,

139 2130 197 2188 Est
211 2130 267 2188 tibi
282 2130 334 2207 qni
347 2130 446 2208 possit
460 2130 585 2188 vincere
600 2129 786 2206 Geryonem.

98 2212 199 2293 Saepe
213 2211 289 2272 licet
303 2213 415 2272 Graiae
429 2219 610 2272 numeretur
624 2212 717 2271 belua
730 2212 869 2286 Lernae,

140 2297 282 2375 lmproba
296 2295 424 2367 Niliacis
439 2295 513 2375 quid
526 2295 600 2355 facit
614 2294 722 2375 Hydra
736 2294 835 2354 feris?

52 2381 158 2443 15Pro
173 2380 293 2439 meritis
310 2378 427 2440 caelum
442 2381 552 2455 tantis,
573 2381 728 2458 Auguste,
752 2376 907 2437 dederunt

138 2462 269 2523 Alcidae
284 2465 346 2523 cito
363 2461 411 2542 di,
430 2462 486 2523 sed
500 2464 558 2523 tibi
573 2483 644 2524 sero
661 2463 785 2523 dabunt.

479 2598 586 2659 LXVI.

93 2711 196 2789 Saepe
213 2710 361 2773 salutatus
375 2732 529 2791 nunquam
543 2710 632 2789 prior
644 2710 712 2789 ipse
728 2707 859 2769 salutas:

139 2795 192 2854 Sic
208 2797 270 2856 eris
286 2801 462 2873 aeternum,
484 2792 675 2871 Pontiliane,
698 2790 785 2856 Vale.

476 2927 595 2989 LXVll.

91 3040 251 3100 Hibernos
265 3044 413 3120 peterent
427 3038 517 3100 solito
534 3059 600 3100 cum
615 3056 702 3099 more
718 3054 860 3098 recessus

136 3122 301 3200 Atthides,
323 3124 355 3182 in
369 3121 450 3182 nidis
464 3143 524 3183 una
538 3124 687 3182 remansit
702 3121 773 3181 avis.
897 3171 899 3176 .

92 3206 300 3286 Deprendere
312 3207 399 3267 nefas
416 3206 454 3265 ad
468 3214 607 3285 tempora
621 3225 716 3265 verna
729 3223 874 3265 reversae

133 3292 177 3352 Et
189 3291 351 3370 profugam
365 3288 507 3350 volucres
523 3289 680 3368 diripuere
696 3308 788 3348 suam.

68 3373 174 3435 bsero
190 3373 279 3435 dedit
291 3394 423 3456 poenas:
447 3373 583 3452 discerpi
596 3373 686 3432 noxia
701 3379 800 3433 mater

134 3459 311 3537 Debuerat,
332 3457 389 3519 sed
400 3465 490 3537 tunc,
513 3477 580 3517 cum
593 3454 741 3516 laceravit
754 3455 833 3538 ltyn.
