2370 3924
91 237 154 301 286
416 233 451 294 Μ
474 232 566 294 VAL.
584 231 810 293 MARTIALIS

176 388 210 450 Si
225 393 257 448 te
272 374 430 447 delectant
444 388 578 445 animosa
590 381 745 464 pericula,
766 383 882 446 Tuseis

134 482 168 536 lo
216 503 259 514 -
275 469 388 530 Tutior
403 474 451 529 est
463 470 561 529 virtus
574 501 617 512 -
632 467 816 528 insidiemur
831 470 927 549 apris.

175 554 257 633 Quid
274 560 307 615 te
321 554 411 614 irena
423 554 528 613 iuvant
541 551 726 611 temeraria?
747 554 871 632 saepius
886 551 972 632 illis,

217 639 342 716 Prisce,
364 636 467 698 datum
482 642 532 697 est
546 635 682 714 equitem
694 654 856 717 rumpere,
877 656 971 715 quam
984 635 1093 718 leporen

575 769 641 829 XV.

173 880 330 961 Quidquid
343 881 506 940 Parrhasia
520 879 639 939 nitebat
653 877 737 958 aula,

172 967 324 1025 Donatum
339 971 387 1024 est
402 961 499 1024 oculis
513 962 641 1041 deisque
655 965 778 1025 nostris.

172 1049 307 1109 Miratur
323 1048 483 1127 Scythicas
498 1046 627 1106 virentis
642 1049 708 1106 auri

170 1129 324 1192 Flammas
338 1132 491 1210 IuppIter,
514 1136 548 1190 et
561 1136 665 1209 stupet
678 1131 804 1210 superbi

148 1216 263 1294 obtegis
280 1213 408 1275 delicias
424 1233 592 1293 gravesque
606 1212 704 1274 luxus.

171 1300 257 1359 Haeo
272 1306 344 1360 suut
356 1296 484 1379 pocula,
503 1315 580 1377 quae
598 1297 711 1357 decent
726 1297 920 1378 Tonantem3

171 1384 257 1443 Haeo
271 1389 358 1462 suut,
381 1401 458 1462 quae
474 1382 642 1462 Phrygium
657 1381 771 1442 deeeut
784 1383 973 1448 ministrum.

172 1466 286 1528 Omnes
301 1486 369 1528 oum
382 1467 452 1527 lore
468 1484 548 1525 nune
561 1485 663 1526 sumus
676 1467 769 1527 beati.

171 1550 214 1610 At
228 1569 328 1632 nuper
342 1585 385 1596 -
402 1548 515 1630 pudet,
538 1551 576 1609 ah
589 1549 687 1630 pudet
700 1550 794 1610 fateri
807 1584 851 1596 —

129 1643 164 1697 to
171 1633 287 1695 Omnes
301 1656 368 1696 eum
382 1635 452 1694 love
467 1652 621 1715 pauperes
637 1652 766 1696 eramus.

568 1767 639 1831 xvi

169 1878 311 1957 Addixti,
332 1880 486 1959 Labiene,
507 1885 573 1940 tres
588 1878 718 1958 agellos3

168 1964 296 2039 Emisti,
318 1964 469 2037 Labiene,
492 1969 558 2022 tres
573 1962 733 2023 cinaedos:

169 2043 333 2123 Paedieas,
355 2046 509 2125 Labiene,
531 2054 596 2106 tres
612 2044 738 2125 agellos.

558 2180 652 2243 XVII.

169 2292 270 2367 Quare
285 2300 346 2351 tam
360 2292 464 2353 multis
480 2314 497 2352 a
512 2301 560 2371 te,
582 2293 730 2370 Laetiue,
753 2291 864 2353 diebus

209 2375 277 2434 Non
293 2378 382 2435 abeat
396 2377 509 2454 febris,
533 2379 655 2457 quaeris
671 2383 703 2436 et
718 2395 814 2455 usque
831 2379 940 2456 gemis.

167 2457 314 2516 Gestatur
328 2465 429 2518 tecum
443 2462 561 2539 pariter
575 2463 754 2541 pariterque
768 2458 904 2540 lavatur,

208 2539 308 2600 Cenat
321 2540 460 2619 boletos,
484 2550 603 2621 ostrea,
626 2564 749 2621 sumen,
769 2565 887 2624 aprum.

142 2624 260 2685 5Ebria
275 2625 382 2686 Setino
397 2627 433 2686 fit
448 2644 540 2706 saepe
556 2633 589 2687 et
603 2647 695 2709 saepe
709 2626 863 2707 Falerno,

207 2709 272 2770 Neo
286 2712 346 2770 nisi
361 2728 418 2791 per
433 2713 552 2771 niveam
567 2712 707 2772 Caecuba
720 2719 808 2791 potat
823 2733 944 2792 aquam.

166 2793 358 2856 Circumfusa
372 2798 451 2856 rosis
467 2803 500 2855 et
513 2796 601 2875 nigra
615 2798 767 2855 recumbit
782 2817 919 2875 amomo,

206 2879 327 2938 Dormit
341 2886 373 2938 et
387 2882 419 2938 in
433 2879 536 2958 pluma
549 2897 768 2960 purpureoque
783 2886 863 2942 toro.

104 3012 107 3018 .
165 2959 242 3020 (ium
256 2963 387 3020 recubet
400 2961 547 3041 pulchre,
567 2984 635 3023 eum
651 2970 711 3024 tam
726 2966 807 3023 bene
823 2967 904 3025 vivat
921 2967 1007 3047 apud
1027 2974 1070 3042 te,

120 3051 156 3105 lt)
203 3040 253 3101 Ad
267 3045 391 3104 Damam
405 3048 508 3125 potius
521 3049 566 3107 vis
582 3055 633 3107 tua
647 3049 745 3107 febris
763 3048 835 3107 eat?

541 3179 649 3243 xviii.

161 3289 241 3351 Dum
256 3297 291 3352 tu
304 3293 435 3356 forsitan
449 3300 607 3378 inquietus
622 3319 708 3360 erras

162 3372 318 3454 Clamosa,
340 3377 508 3459 luvenalis,
531 3385 562 3442 in
578 3384 712 3462 Subura,

160 3457 223 3519 Aut
236 3457 347 3521 eollem
362 3460 502 3524 dominae
516 3469 592 3526 teris
607 3469 740 3542 Dianae3
