2370 3924
350 232 690 294 lll’lGRAMMATON
703 235 777 299 LlB.
794 235 816 296 l.
1062 235 1103 300 25

535 435 626 498 LVll.

143 547 293 627 Qualem,
314 549 443 629 Flacco,
464 550 557 611 velim
574 553 697 630 quaeris
712 550 845 611 nolimve
860 549 1019 632 puellam?

185 632 266 693 Nolo
284 635 374 694 nimis
389 632 514 695 facilem
529 634 750 714 difficilemque
767 636 867 696 nimis.

141 716 223 779 lllud
238 717 321 797 quod
333 716 466 779 medium
482 724 531 779 est
545 726 636 798 atque
647 720 731 779 inter
742 724 906 797 utrumque
921 720 1100 799 probamus·

184 801 250 862 Nec
263 800 333 861 volo
352 801 434 880 quod
450 803 581 879 cruciat,
603 821 661 862 nec
675 799 746 862 volo
759 802 841 882 quod
856 803 954 864 satiat.

531 936 635 998 LVlll.

10 1128 12 1133 ,
141 1046 234 1107 Milia
247 1067 305 1127 pro
320 1067 418 1128 puero
434 1056 557 1110 centurn
572 1069 621 1110 me
637 1068 745 1128 mango
760 1050 917 1129 poposcitr

184 1131 251 1190 Risi
267 1150 342 1210 ego,
365 1131 421 1192 sed
436 1133 581 1193 Phoebus
594 1135 737 1214 protinus
751 1129 806 1196 illa
821 1131 917 1192 dedit.

140 1215 211 1275 Hoc
227 1212 314 1275 dolet
328 1222 362 1276 et
376 1218 516 1294 queritur
532 1216 571 1276 de
585 1236 635 1277 me
651 1235 718 1276 mea
732 1214 869 1276 mentula
883 1234 987 1277 secum

184 1296 402 1376 Laudaturque
417 1319 514 1361 meam
529 1301 674 1362 Phoebus
687 1302 720 1360 in
735 1299 887 1360 invidiam.

118 1381 208 1446 used
223 1376 432 1443 sestertiolum
450 1383 574 1444 donavit
589 1381 727 1444 mentula
741 1383 867 1443 Phoebo

184 1466 237 1525 Bis
253 1464 393 1527 deciens:
418 1469 477 1528 hoc
494 1467 531 1526 da
545 1474 578 1527 tu
598 1469 691 1544 mihi,
712 1466 812 1547 pluris
827 1485 933 1526 emam.

545 1600 622 1660 LIX.

142 1713 203 1773 Dat
221 1715 334 1773 Baiana
348 1715 425 1773 mihi
441 1713 628 1792 quadrantes
644 1710 784 1794 sportula
800 1717 931 1773 centum.

184 1797 270 1857 luter
288 1797 414 1858 delicies
432 1797 507 1875 quid
520 1798 596 1858 facit
610 1799 670 1857 ista
683 1795 802 1857 fames?

61 1898 67 1905 ·
140 1879 252 1942 Redde
267 1883 347 1962 Lupi
361 1883 450 1941 nobis
466 1883 694 1960 tenebrosaque
710 1878 820 1940 balnea
837 1878 953 1958 Grylli:

124 2044 130 2057 ι
185 1965 262 2024 Tam
276 1964 357 2026 male
373 1985 440 2026 cum
457 1984 577 2047 cenem,
604 1986 658 2025 cur
672 1967 769 2042 bene,
790 1962 918 2042 Flacce‚
936 1964 1044 2024 laver?

544 2115 607 2176 LX.

140 2229 242 2288 intres
258 2224 356 2306 ampla
370 2224 447 2287 licet
461 2229 541 2287 torvi
555 2225 647 2307 lepus
663 2246 717 2286 ora
731 2225 850 2304 leonis,

183 2313 262 2372 Esse
276 2317 380 2370 tamen
393 2330 488 2370 vacuo
504 2329 538 2370 se
553 2309 604 2371 leo
621 2309 716 2371 dente
730 2315 826 2390 putat.

141 2393 233 2472 Quod
246 2399 318 2455 ruet
332 2395 365 2453 in
379 2401 502 2472 tergum
516 2393 567 2454 vel
584 2415 660 2473 quos
675 2396 858 2474 procumbet
871 2394 903 2453 in
921 2413 1038 2472 armos,

183 2476 257 2539 Alta
270 2478 469 2538 iuvencorum
485 2477 613 2539 vulnera
627 2480 704 2558 figet
718 2478 795 2538 ubi?

117 2561 225 2639 5Quid
239 2562 357 2622 frustra
369 2580 531 2623 nemorum
545 2562 700 2623 dominum
715 2580 882 2642 regemque
891 2561 1029 2640 fatigas?

181 2647 251 2707 Non
266 2646 324 2706 nisi
341 2644 463 2706 delecta
478 2648 615 2726 pascitur
629 2647 684 2708 ille
698 2648 775 2710 fera.

536 2779 613 2839 LXI.

138 2892 267 2955 Verona
282 2892 365 2953 docti
381 2891 514 2972 syllabas
530 2902 609 2954 amat
622 2895 717 2972 vatis,

182 2976 314 3037 Marone
328 2976 405 3037 felix
418 2978 546 3038 Mantua
562 2984 625 3056 est,
666 2987 669 2992 '

65 3048 82 3079 ⁰
139 3061 296 3122 Censetur
310 3061 419 3140 Apona
434 3061 520 3121 Livio
535 3081 589 3122 suo
607 3062 699 3124 tellus

183 3143 344 3224 Stellaque
358 3163 417 3204 nec
430 3142 544 3205 Flacco
559 3148 675 3223 miuus,

115 3227 332 3309 5Apollodoro
349 3226 468 3308 plaudit
482 3229 624 3289 imbrifer
644 3228 746 3306 Nilus,

180 3312 303 3372 Nasone
318 3310 441 3390 Peligni
455 3318 581 3390 sonant,

137 3396 286 3475 Duosque
302 3395 437 3456 Senecas
452 3396 636 3475 unicumque
651 3396 806 3456 Lucanum

179 3478 327 3540 Facunda
339 3479 477 3559 loquitur
493 3478 655 3557 Corduba,

1029 3338 1034 3381 .'

1024 3386 1032 3435 ¹l
