<?xml version="1.0" encoding="UTF-8"?>
<!DOCTYPE html PUBLIC "-//W3C//DTD XHTML 1.0 Transitional//EN"
    "http://www.w3.org/TR/xhtml1/DTD/xhtml1-transitional.dtd">
<html xmlns="http://www.w3.org/1999/xhtml" xml:lang="en" lang="en">
 <head>
  <title>
</title>
<meta http-equiv="Content-Type" content="text/html;charset=utf-8" />
  <meta name='ocr-system' content='tesseract 3.04.00' />
  <meta name='ocr-capabilities' content='ocr_page ocr_carea ocr_par ocr_line ocrx_word'/>
</head>
<body>
  <div class='ocr_page' id='page_1' title='image "./epigrammatonlib02martgoog_0206.png"; bbox 0 0 2370 3924; ppageno 0'>
   <div class='ocr_carea' id='block_1_1' title="bbox 325 214 1108 287">
    <p class='ocr_par' dir='ltr' id='par_1_1' title="bbox 325 214 1108 287">
     <span class='ocr_line' id='line_1_1' title="bbox 325 214 1108 287; baseline 0.014 -13"><span class='ocrx_word' id='word_1_1' title='bbox 325 214 664 278; x_wconf 82' lang='lat' dir='ltr'><strong>EPiGRAMMATON</strong></span> <span class='ocrx_word' id='word_1_2' title='bbox 676 217 750 277; x_wconf 91' lang='lat' dir='ltr'><strong>LIB.</strong></span> <span class='ocrx_word' id='word_1_3' title='bbox 766 217 844 281; x_wconf 82' lang='lat' dir='ltr'><strong>VIII.</strong></span> <span class='ocrx_word' id='word_1_4' title='bbox 1045 220 1108 287; x_wconf 75' lang='lat'><strong>170</strong></span> 
     </span>
    </p>
   </div>
   <div class='ocr_carea' id='block_1_2' title="bbox 147 350 1156 615">
    <p class='ocr_par' dir='ltr' id='par_1_2' title="bbox 147 350 1156 615">
     <span class='ocr_line' id='line_1_2' title="bbox 192 350 1156 445; baseline 0.002 -19"><span class='ocrx_word' id='word_1_5' title='bbox 192 366 229 426; x_wconf 93' lang='lat' dir='ltr'><strong>In</strong></span> <span class='ocrx_word' id='word_1_6' title='bbox 244 385 304 445; x_wconf 88' lang='lat' dir='ltr'><strong>qua</strong></span> <span class='ocrx_word' id='word_1_7' title='bbox 318 385 376 425; x_wconf 90' lang='lat' dir='ltr'><strong>nec</strong></span> <span class='ocrx_word' id='word_1_8' title='bbox 391 367 508 426; x_wconf 83' lang='lat' dir='ltr'><strong>Boreas</strong></span> <span class='ocrx_word' id='word_1_9' title='bbox 521 366 589 444; x_wconf 87' lang='lat' dir='ltr'><strong>ipse</strong></span> <span class='ocrx_word' id='word_1_10' title='bbox 604 384 730 426; x_wconf 87' lang='lat' dir='ltr'><strong>manere</strong></span> <span class='ocrx_word' id='word_1_11' title='bbox 744 366 828 428; x_wconf 87' lang='lat' dir='ltr'><strong>velit.</strong></span> <span class='ocrx_word' id='word_1_12' title='bbox 1125 350 1156 419; x_wconf 55' lang='grc' dir='ltr'>Ϋ</span> 
     </span>
     <span class='ocr_line' id='line_1_3' title="bbox 147 448 929 513; baseline 0.005 -4"><span class='ocrx_word' id='word_1_13' title='bbox 147 449 203 510; x_wconf 88' lang='lat' dir='ltr'><strong>Sic</strong></span> <span class='ocrx_word' id='word_1_14' title='bbox 217 449 359 509; x_wconf 85' lang='lat' dir='ltr'><strong>habItare</strong></span> <span class='ocrx_word' id='word_1_15' title='bbox 373 451 461 509; x_wconf 89' lang='lat' dir='ltr'><strong>iubes</strong></span> <span class='ocrx_word' id='word_1_16' title='bbox 477 458 613 508; x_wconf 85' lang='lat' dir='ltr'><strong>veterem</strong></span> <span class='ocrx_word' id='word_1_17' title='bbox 630 448 765 510; x_wconf 88' lang='lat' dir='ltr'><strong>crudelis</strong></span> <span class='ocrx_word' id='word_1_18' title='bbox 780 454 929 513; x_wconf 71' lang='lat' dir='ltr'><strong>amicum?</strong></span> 
     </span>
     <span class='ocr_line' id='line_1_4' title="bbox 192 533 817 615; baseline 0.003 -22"><span class='ocrx_word' id='word_1_19' title='bbox 192 534 323 593; x_wconf 77' lang='lat' dir='ltr'><strong>Arboris</strong></span> <span class='ocrx_word' id='word_1_20' title='bbox 338 551 412 612; x_wconf 80' lang='lat' dir='ltr'><strong>ergo</strong></span> <span class='ocrx_word' id='word_1_21' title='bbox 428 539 499 593; x_wconf 92' lang='lat' dir='ltr'><strong>tuae</strong></span> <span class='ocrx_word' id='word_1_22' title='bbox 512 533 610 593; x_wconf 88' lang='lat' dir='ltr'><strong>tutior</strong></span> <span class='ocrx_word' id='word_1_23' title='bbox 625 533 739 615; x_wconf 78' lang='lat' dir='ltr'><strong>hospes</strong></span> <span class='ocrx_word' id='word_1_24' title='bbox 754 551 817 595; x_wconf 90' lang='lat' dir='ltr'><strong>ero.</strong></span> 
     </span>
    </p>
   </div>
   <div class='ocr_carea' id='block_1_3' title="bbox 550 667 618 729">
    <p class='ocr_par' dir='ltr' id='par_1_3' title="bbox 550 667 618 729">
     <span class='ocr_line' id='line_1_5' title="bbox 550 667 618 729; baseline 0.029 -2"><span class='ocrx_word' id='word_1_25' title='bbox 550 667 618 729; x_wconf 87' lang='lat' dir='ltr'><strong>XV.</strong></span> 
     </span>
    </p>
   </div>
   <div class='ocr_carea' id='block_1_4' title="bbox 123 776 1020 1445">
    <p class='ocr_par' dir='ltr' id='par_1_4' title="bbox 133 776 993 1028">
     <span class='ocr_line' id='line_1_6' title="bbox 146 776 899 857; baseline 0.004 -17"><span class='ocrx_word' id='word_1_26' title='bbox 146 780 229 840; x_wconf 86' lang='lat' dir='ltr'><strong>Dum</strong></span> <span class='ocrx_word' id='word_1_27' title='bbox 241 798 320 839; x_wconf 89' lang='lat' dir='ltr'><strong>nova</strong></span> <span class='ocrx_word' id='word_1_28' title='bbox 333 777 503 838; x_wconf 74' lang='lat' dir='ltr'><strong>Pannonici</strong></span> <span class='ocrx_word' id='word_1_29' title='bbox 516 784 696 838; x_wconf 88' lang='lat' dir='ltr'><strong>numeratur</strong></span> <span class='ocrx_word' id='word_1_30' title='bbox 710 776 808 857; x_wconf 83' lang='lat' dir='ltr'><strong>gloria</strong></span> <span class='ocrx_word' id='word_1_31' title='bbox 821 780 899 843; x_wconf 86' lang='lat' dir='ltr'><strong>belli</strong></span> 
     </span>
     <span class='ocr_line' id='line_1_7' title="bbox 193 861 943 947; baseline 0.005 -23"><span class='ocrx_word' id='word_1_32' title='bbox 193 863 301 924; x_wconf 83' lang='lat' dir='ltr'><strong>Omnis</strong></span> <span class='ocrx_word' id='word_1_33' title='bbox 315 868 349 924; x_wconf 87' lang='lat' dir='ltr'><strong>et</strong></span> <span class='ocrx_word' id='word_1_34' title='bbox 365 861 404 922; x_wconf 87' lang='lat' dir='ltr'><strong>ad</strong></span> <span class='ocrx_word' id='word_1_35' title='bbox 418 861 576 922; x_wconf 85' lang='lat' dir='ltr'>Reducem</span> <span class='ocrx_word' id='word_1_36' title='bbox 593 861 664 922; x_wconf 85' lang='lat' dir='ltr'><strong>dum</strong></span> <span class='ocrx_word' id='word_1_37' title='bbox 677 863 748 923; x_wconf 75' lang='lat' dir='ltr'><strong>litat</strong></span> <span class='ocrx_word' id='word_1_38' title='bbox 762 883 813 923; x_wconf 86' lang='lat' dir='ltr'><strong>ara</strong></span> <span class='ocrx_word' id='word_1_39' title='bbox 827 865 943 947; x_wconf 84' lang='lat' dir='ltr'><strong>iovem,</strong></span> 
     </span>
     <span class='ocr_line' id='line_1_8' title="bbox 133 944 993 1028; baseline 0.008 -21"><span class='ocrx_word' id='word_1_40' title='bbox 133 947 209 1026; x_wconf 15' lang='lat' dir='ltr'><strong>,Dat</strong></span> <span class='ocrx_word' id='word_1_41' title='bbox 225 944 375 1028; x_wconf 88' lang='lat' dir='ltr'><strong>populus,</strong></span> <span class='ocrx_word' id='word_1_42' title='bbox 399 945 452 1006; x_wconf 87' lang='lat' dir='ltr'><strong>dat</strong></span> <span class='ocrx_word' id='word_1_43' title='bbox 462 952 567 1024; x_wconf 84' lang='lat' dir='ltr'><strong>gratus</strong></span> <span class='ocrx_word' id='word_1_44' title='bbox 582 964 694 1025; x_wconf 84' lang='lat' dir='ltr'><strong>eques,</strong></span> <span class='ocrx_word' id='word_1_45' title='bbox 717 945 770 1006; x_wconf 85' lang='lat' dir='ltr'><strong>dat</strong></span> <span class='ocrx_word' id='word_1_46' title='bbox 784 953 854 1009; x_wconf 86' lang='lat' dir='ltr'><strong>tura</strong></span> <span class='ocrx_word' id='word_1_47' title='bbox 869 960 993 1014; x_wconf 89' lang='lat' dir='ltr'><strong>senatus</strong></span> 
     </span>
    </p>

    <p class='ocr_par' dir='ltr' id='par_1_5' title="bbox 123 1027 1020 1445">
     <span class='ocr_line' id='line_1_9' title="bbox 189 1027 796 1092; baseline -0.002 -1"><span class='ocrx_word' id='word_1_48' title='bbox 189 1031 233 1092; x_wconf 74' lang='lat' dir='ltr'><strong>Et</strong></span> <span class='ocrx_word' id='word_1_49' title='bbox 247 1028 347 1091; x_wconf 74' lang='lat' dir='ltr'><strong>ditant</strong></span> <span class='ocrx_word' id='word_1_50' title='bbox 360 1029 463 1090; x_wconf 85' lang='lat' dir='ltr'><strong>Latias</strong></span> <span class='ocrx_word' id='word_1_51' title='bbox 479 1030 573 1090; x_wconf 89' lang='lat' dir='ltr'><strong>tertia</strong></span> <span class='ocrx_word' id='word_1_52' title='bbox 588 1027 667 1090; x_wconf 84' lang='lat' dir='ltr'><strong>dona</strong></span> <span class='ocrx_word' id='word_1_53' title='bbox 680 1031 796 1090; x_wconf 89' lang='lat' dir='ltr'><strong>tribua:</strong></span> 
     </span>
     <span class='ocr_line' id='line_1_10' title="bbox 123 1114 1020 1203; baseline 0.006 -26"><span class='ocrx_word' id='word_1_54' title='bbox 123 1115 222 1178; x_wconf 66' lang='lat' dir='ltr'><strong>§Hos</strong></span> <span class='ocrx_word' id='word_1_55' title='bbox 236 1132 358 1193; x_wconf 91' lang='lat' dir='ltr'><strong>quoque</strong></span> <span class='ocrx_word' id='word_1_56' title='bbox 374 1120 513 1174; x_wconf 86' lang='lat' dir='ltr'><strong>secretos</strong></span> <span class='ocrx_word' id='word_1_57' title='bbox 525 1114 709 1174; x_wconf 79' lang='lat' dir='ltr'><strong>memorabit</strong></span> <span class='ocrx_word' id='word_1_58' title='bbox 721 1115 817 1175; x_wconf 89' lang='lat' dir='ltr'><strong>Roma</strong></span> <span class='ocrx_word' id='word_1_59' title='bbox 831 1119 1020 1203; x_wconf 84' lang='lat' dir='ltr'><strong>triumphos,</strong></span> 
     </span>
     <span class='ocr_line' id='line_1_11' title="bbox 190 1196 845 1279; baseline 0.002 -20"><span class='ocrx_word' id='word_1_60' title='bbox 190 1198 257 1259; x_wconf 90' lang='lat' dir='ltr'><strong>Nec</strong></span> <span class='ocrx_word' id='word_1_61' title='bbox 274 1199 375 1258; x_wconf 84' lang='lat' dir='ltr'><strong>miuor</strong></span> <span class='ocrx_word' id='word_1_62' title='bbox 387 1199 447 1258; x_wconf 89' lang='lat' dir='ltr'><strong>ista</strong></span> <span class='ocrx_word' id='word_1_63' title='bbox 462 1203 533 1258; x_wconf 87' lang='lat' dir='ltr'><strong>tuae</strong></span> <span class='ocrx_word' id='word_1_64' title='bbox 547 1196 655 1257; x_wconf 86' lang='lat' dir='ltr'><strong>laurea</strong></span> <span class='ocrx_word' id='word_1_65' title='bbox 669 1199 753 1278; x_wconf 89' lang='lat' dir='ltr'><strong>pacis</strong></span> <span class='ocrx_word' id='word_1_66' title='bbox 768 1201 845 1279; x_wconf 88' lang='lat' dir='ltr'><strong>erit,</strong></span> 
     </span>
     <span class='ocr_line' id='line_1_12' title="bbox 148 1279 880 1361; baseline 0.005 -19"><span class='ocrx_word' id='word_1_67' title='bbox 148 1281 241 1360; x_wconf 79' lang='lat' dir='ltr'><strong>Quod</strong></span> <span class='ocrx_word' id='word_1_68' title='bbox 255 1283 313 1342; x_wconf 91' lang='lat' dir='ltr'><strong>tibi</strong></span> <span class='ocrx_word' id='word_1_69' title='bbox 326 1279 365 1341; x_wconf 84' lang='lat' dir='ltr'><strong>‹Ie</strong></span> <span class='ocrx_word' id='word_1_70' title='bbox 381 1287 486 1342; x_wconf 82' lang='lat' dir='ltr'><strong>sancta</strong></span> <span class='ocrx_word' id='word_1_71' title='bbox 501 1281 603 1342; x_wconf 87' lang='lat' dir='ltr'><strong>credis</strong></span> <span class='ocrx_word' id='word_1_72' title='bbox 617 1282 735 1361; x_wconf 88' lang='lat' dir='ltr'><strong>pietate</strong></span> <span class='ocrx_word' id='word_1_73' title='bbox 749 1288 880 1346; x_wconf 86' lang='lat' dir='ltr'><strong>tuorum.</strong></span> 
     </span>
     <span class='ocr_line' id='line_1_13' title="bbox 192 1365 891 1445; baseline 0.006 -20"><span class='ocrx_word' id='word_1_74' title='bbox 192 1365 347 1445; x_wconf 89' lang='lat' dir='ltr'><strong>PrIncipis</strong></span> <span class='ocrx_word' id='word_1_75' title='bbox 363 1372 412 1426; x_wconf 87' lang='lat' dir='ltr'><strong>est</strong></span> <span class='ocrx_word' id='word_1_76' title='bbox 427 1366 526 1425; x_wconf 85' lang='lat' dir='ltr'><strong>virtus</strong></span> <span class='ocrx_word' id='word_1_77' title='bbox 540 1367 683 1445; x_wconf 79' lang='lat' dir='ltr'><strong>maniosa,</strong></span> <span class='ocrx_word' id='word_1_78' title='bbox 703 1383 795 1426; x_wconf 87' lang='lat' dir='ltr'><strong>nosse</strong></span> <span class='ocrx_word' id='word_1_79' title='bbox 811 1387 891 1430; x_wconf 85' lang='lat' dir='ltr'><strong>suos.</strong></span> 
     </span>
    </p>
   </div>
   <div class='ocr_carea' id='block_1_5' title="bbox 544 1500 625 1562">
    <p class='ocr_par' dir='ltr' id='par_1_6' title="bbox 544 1500 625 1562">
     <span class='ocr_line' id='line_1_14' title="bbox 544 1500 625 1562; baseline -0.037 -1"><span class='ocrx_word' id='word_1_80' title='bbox 544 1500 625 1562; x_wconf 86' lang='lat' dir='ltr'>XVI.</span> 
     </span>
    </p>
   </div>
   <div class='ocr_carea' id='block_1_6' title="bbox 123 1610 776 2028">
    <p class='ocr_par' dir='ltr' id='par_1_7' title="bbox 146 1610 687 1691">
     <span class='ocr_line' id='line_1_15' title="bbox 146 1610 687 1691; baseline -0.006 -18"><span class='ocrx_word' id='word_1_81' title='bbox 146 1613 254 1673; x_wconf 83' lang='lat' dir='ltr'><strong>Pistor</strong></span> <span class='ocrx_word' id='word_1_82' title='bbox 269 1611 321 1691; x_wconf 93' lang='lat' dir='ltr'><strong>qui</strong></span> <span class='ocrx_word' id='word_1_83' title='bbox 335 1610 440 1672; x_wconf 84' lang='lat' dir='ltr'><strong>fueras</strong></span> <span class='ocrx_word' id='word_1_84' title='bbox 455 1610 524 1689; x_wconf 86' lang='lat' dir='ltr'><strong>diu,</strong></span> <span class='ocrx_word' id='word_1_85' title='bbox 547 1612 687 1691; x_wconf 81' lang='lat' dir='ltr'><strong>Gypcre,</strong></span> 
     </span>
    </p>

    <p class='ocr_par' dir='ltr' id='par_1_8' title="bbox 147 1695 776 1775">
     <span class='ocr_line' id='line_1_16' title="bbox 147 1695 776 1775; baseline -0.005 -18"><span class='ocrx_word' id='word_1_86' title='bbox 147 1697 264 1758; x_wconf 80' lang='lat' dir='ltr'><strong>Causas</strong></span> <span class='ocrx_word' id='word_1_87' title='bbox 279 1714 361 1754; x_wconf 90' lang='lat' dir='ltr'><strong>nuuc</strong></span> <span class='ocrx_word' id='word_1_88' title='bbox 376 1697 440 1775; x_wconf 81' lang='lat' dir='ltr'><strong>agis</strong></span> <span class='ocrx_word' id='word_1_89' title='bbox 456 1701 491 1757; x_wconf 90' lang='lat' dir='ltr'><strong>et</strong></span> <span class='ocrx_word' id='word_1_90' title='bbox 504 1695 624 1756; x_wconf 87' lang='lat' dir='ltr'><strong>ducena</strong></span> <span class='ocrx_word' id='word_1_91' title='bbox 638 1697 776 1774; x_wconf 86' lang='lat' dir='ltr'><strong>quaeris:</strong></span> 
     </span>
    </p>

    <p class='ocr_par' dir='ltr' id='par_1_9' title="bbox 147 1778 713 1861">
     <span class='ocr_line' id='line_1_17' title="bbox 147 1778 713 1861; baseline 0 -21"><span class='ocrx_word' id='word_1_92' title='bbox 147 1778 215 1840; x_wconf 87' lang='lat' dir='ltr'><strong>Sed</strong></span> <span class='ocrx_word' id='word_1_93' title='bbox 232 1781 384 1840; x_wconf 83' lang='lat' dir='ltr'><strong>consumis</strong></span> <span class='ocrx_word' id='word_1_94' title='bbox 398 1785 431 1840; x_wconf 89' lang='lat' dir='ltr'><strong>et</strong></span> <span class='ocrx_word' id='word_1_95' title='bbox 444 1798 543 1861; x_wconf 88' lang='lat' dir='ltr'><strong>usque</strong></span> <span class='ocrx_word' id='word_1_96' title='bbox 556 1780 713 1841; x_wconf 87' lang='lat' dir='ltr'><strong>mutuaris.</strong></span> 
     </span>
    </p>

    <p class='ocr_par' dir='ltr' id='par_1_10' title="bbox 123 1862 724 2028">
     <span class='ocr_line' id='line_1_18' title="bbox 145 1862 724 1945; baseline -0.007 -20"><span class='ocrx_word' id='word_1_97' title='bbox 145 1866 177 1925; x_wconf 88' lang='lat' dir='ltr'>A</span> <span class='ocrx_word' id='word_1_98' title='bbox 190 1864 326 1945; x_wconf 86' lang='lat' dir='ltr'><strong>pistore,</strong></span> <span class='ocrx_word' id='word_1_99' title='bbox 348 1864 488 1944; x_wconf 77' lang='lat' dir='ltr'><strong>cypero,</strong></span> <span class='ocrx_word' id='word_1_100' title='bbox 509 1884 572 1924; x_wconf 92' lang='lat' dir='ltr'><strong>non</strong></span> <span class='ocrx_word' id='word_1_101' title='bbox 585 1862 724 1923; x_wconf 85' lang='lat' dir='ltr'><strong>recedis:</strong></span> 
     </span>
     <span class='ocr_line' id='line_1_19' title="bbox 123 1947 699 2028; baseline -0.005 -17"><span class='ocrx_word' id='word_1_102' title='bbox 123 1949 192 2011; x_wconf 73' lang='lat' dir='ltr'><strong>ant</strong></span> <span class='ocrx_word' id='word_1_103' title='bbox 205 1964 317 2028; x_wconf 88' lang='lat' dir='ltr'><strong>panem</strong></span> <span class='ocrx_word' id='word_1_104' title='bbox 333 1947 411 2008; x_wconf 84' lang='lat' dir='ltr'><strong>facis</strong></span> <span class='ocrx_word' id='word_1_105' title='bbox 424 1955 457 2008; x_wconf 91' lang='lat' dir='ltr'><strong>et</strong></span> <span class='ocrx_word' id='word_1_106' title='bbox 471 1949 548 2009; x_wconf 84' lang='lat' dir='ltr'><strong>iacis</strong></span> <span class='ocrx_word' id='word_1_107' title='bbox 561 1949 699 2008; x_wconf 85' lang='lat' dir='ltr'><strong>farinam.</strong></span> 
     </span>
    </p>
   </div>
   <div class='ocr_carea' id='block_1_7' title="bbox 431 2094 630 2160">
    <p class='ocr_par' dir='ltr' id='par_1_11' title="bbox 431 2094 630 2160">
     <span class='ocr_line' id='line_1_20' title="bbox 431 2094 630 2160; baseline 0.01 -2"><span class='ocrx_word' id='word_1_108' title='bbox 431 2094 434 2099; x_wconf 73' lang='grc'><strong>’</strong></span> <span class='ocrx_word' id='word_1_109' title='bbox 535 2097 630 2160; x_wconf 87' lang='lat' dir='ltr'><strong>XVII.</strong></span> 
     </span>
    </p>
   </div>
   <div class='ocr_carea' id='block_1_8' title="bbox 146 2208 1037 2543">
    <p class='ocr_par' dir='ltr' id='par_1_12' title="bbox 146 2208 955 2373">
     <span class='ocr_line' id='line_1_21' title="bbox 146 2208 951 2290; baseline -0.002 -18"><span class='ocrx_word' id='word_1_110' title='bbox 146 2209 225 2288; x_wconf 74' lang='lat' dir='ltr'><strong>Egi,</strong></span> <span class='ocrx_word' id='word_1_111' title='bbox 247 2208 360 2287; x_wconf 84' lang='lat' dir='ltr'><strong>Sexte,</strong></span> <span class='ocrx_word' id='word_1_112' title='bbox 383 2214 481 2287; x_wconf 87' lang='lat' dir='ltr'><strong>tuam,</strong></span> <span class='ocrx_word' id='word_1_113' title='bbox 503 2216 610 2290; x_wconf 87' lang='lat' dir='ltr'><strong>pectus</strong></span> <span class='ocrx_word' id='word_1_114' title='bbox 626 2210 685 2271; x_wconf 88' lang='lat' dir='ltr'><strong>duo</strong></span> <span class='ocrx_word' id='word_1_115' title='bbox 701 2209 800 2289; x_wconf 88' lang='lat' dir='ltr'><strong>milia,</strong></span> <span class='ocrx_word' id='word_1_116' title='bbox 823 2229 951 2270; x_wconf 86' lang='lat' dir='ltr'><strong>causam.</strong></span> 
     </span>
     <span class='ocr_line' id='line_1_22' title="bbox 192 2291 955 2373; baseline -0.003 -19"><span class='ocrx_word' id='word_1_117' title='bbox 192 2293 309 2354; x_wconf 86' lang='lat' dir='ltr'><strong>Misisti</strong></span> <span class='ocrx_word' id='word_1_118' title='bbox 323 2312 462 2353; x_wconf 89' lang='lat' dir='ltr'><strong>nummos</strong></span> <span class='ocrx_word' id='word_1_119' title='bbox 478 2293 561 2372; x_wconf 86' lang='lat' dir='ltr'><strong>qnod</strong></span> <span class='ocrx_word' id='word_1_120' title='bbox 577 2294 653 2353; x_wconf 91' lang='lat' dir='ltr'><strong>mihi</strong></span> <span class='ocrx_word' id='word_1_121' title='bbox 668 2292 772 2372; x_wconf 90' lang='lat' dir='ltr'><strong>mille,</strong></span> <span class='ocrx_word' id='word_1_122' title='bbox 793 2291 955 2373; x_wconf 72' lang='lat' dir='ltr'><strong>quidest?</strong></span> 
     </span>
    </p>

    <p class='ocr_par' dir='ltr' id='par_1_13' title="bbox 146 2374 1037 2543">
     <span class='ocr_line' id='line_1_23' title="bbox 146 2374 1037 2458; baseline 0 -22"><span class='ocrx_word' id='word_1_123' title='bbox 146 2377 311 2457; x_wconf 73' lang='lat' dir='ltr'><strong>„Narranti</strong></span> <span class='ocrx_word' id='word_1_124' title='bbox 324 2374 425 2436; x_wconf 84' lang='lat' dir='ltr'><strong>nihi1“</strong></span> <span class='ocrx_word' id='word_1_125' title='bbox 446 2378 549 2457; x_wconf 86' lang='lat' dir='ltr'><strong>inquis</strong></span> <span class='ocrx_word' id='word_1_126' title='bbox 565 2385 621 2454; x_wconf 88' lang='lat' dir='ltr'><strong>„et</strong></span> <span class='ocrx_word' id='word_1_127' title='bbox 636 2397 652 2436; x_wconf 90' lang='lat' dir='ltr'><strong>a</strong></span> <span class='ocrx_word' id='word_1_128' title='bbox 666 2384 698 2438; x_wconf 88' lang='lat' dir='ltr'><strong>tc</strong></span> <span class='ocrx_word' id='word_1_129' title='bbox 713 2376 837 2458; x_wconf 86' lang='lat' dir='ltr'><strong>perdita</strong></span> <span class='ocrx_word' id='word_1_130' title='bbox 851 2395 940 2437; x_wconf 87' lang='lat' dir='ltr'><strong>causa</strong></span> <span class='ocrx_word' id='word_1_131' title='bbox 956 2375 1037 2437; x_wconf 88' lang='lat' dir='ltr'><strong>est.“</strong></span> 
     </span>
     <span class='ocr_line' id='line_1_24' title="bbox 193 2458 879 2543; baseline 0.004 -23"><span class='ocrx_word' id='word_1_132' title='bbox 193 2460 294 2521; x_wconf 85' lang='lat' dir='ltr'><strong>Tanto</strong></span> <span class='ocrx_word' id='word_1_133' title='bbox 308 2459 379 2541; x_wconf 85' lang='lat' dir='ltr'><strong>plus</strong></span> <span class='ocrx_word' id='word_1_134' title='bbox 395 2458 506 2540; x_wconf 83' lang='lat' dir='ltr'><strong>debes,</strong></span> <span class='ocrx_word' id='word_1_135' title='bbox 530 2461 640 2543; x_wconf 81' lang='lat' dir='ltr'><strong>Sexte,</strong></span> <span class='ocrx_word' id='word_1_136' title='bbox 663 2460 746 2542; x_wconf 82' lang='lat' dir='ltr'><strong>quod</strong></span> <span class='ocrx_word' id='word_1_137' title='bbox 761 2463 879 2523; x_wconf 87' lang='lat' dir='ltr'><strong>erubui.</strong></span> 
     </span>
    </p>
   </div>
   <div class='ocr_carea' id='block_1_9' title="bbox 535 2596 643 2660">
    <p class='ocr_par' dir='ltr' id='par_1_14' title="bbox 535 2596 643 2660">
     <span class='ocr_line' id='line_1_25' title="bbox 535 2596 643 2660; baseline 0.037 -3"><span class='ocrx_word' id='word_1_138' title='bbox 535 2596 643 2660; x_wconf 83' lang='lat' dir='ltr'><strong>XVIII.</strong></span> 
     </span>
    </p>
   </div>
   <div class='ocr_carea' id='block_1_10' title="bbox 121 2707 1134 3376">
    <p class='ocr_par' dir='ltr' id='par_1_15' title="bbox 121 2707 1134 3376">
     <span class='ocr_line' id='line_1_26' title="bbox 148 2707 918 2790; baseline 0 -23"><span class='ocrx_word' id='word_1_139' title='bbox 148 2707 185 2767; x_wconf 92' lang='lat' dir='ltr'><strong>Si</strong></span> <span class='ocrx_word' id='word_1_140' title='bbox 200 2714 269 2788; x_wconf 89' lang='lat' dir='ltr'><strong>tua,</strong></span> <span class='ocrx_word' id='word_1_141' title='bbox 289 2707 421 2788; x_wconf 81' lang='lat' dir='ltr'><strong>Cyreni,</strong></span> <span class='ocrx_word' id='word_1_142' title='bbox 441 2728 565 2788; x_wconf 88' lang='lat' dir='ltr'><strong>promas</strong></span> <span class='ocrx_word' id='word_1_143' title='bbox 581 2711 799 2790; x_wconf 82' lang='lat' dir='ltr'><strong>epigrammata</strong></span> <span class='ocrx_word' id='word_1_144' title='bbox 811 2707 918 2787; x_wconf 84' lang='lat' dir='ltr'><strong>volgo,</strong></span> 
     </span>
     <span class='ocr_line' id='line_1_27' title="bbox 190 2790 855 2873; baseline -0.003 -20"><span class='ocrx_word' id='word_1_145' title='bbox 190 2790 250 2854; x_wconf 87' lang='lat' dir='ltr'><strong>Vel</strong></span> <span class='ocrx_word' id='word_1_146' title='bbox 264 2809 383 2853; x_wconf 88' lang='lat' dir='ltr'><strong>mecum</strong></span> <span class='ocrx_word' id='word_1_147' title='bbox 396 2793 513 2873; x_wconf 89' lang='lat' dir='ltr'><strong>possis,</strong></span> <span class='ocrx_word' id='word_1_148' title='bbox 535 2791 585 2852; x_wconf 84' lang='lat' dir='ltr'><strong>vel</strong></span> <span class='ocrx_word' id='word_1_149' title='bbox 598 2794 686 2872; x_wconf 86' lang='lat' dir='ltr'><strong>prior</strong></span> <span class='ocrx_word' id='word_1_150' title='bbox 700 2794 768 2872; x_wconf 87' lang='lat' dir='ltr'><strong>ipse</strong></span> <span class='ocrx_word' id='word_1_151' title='bbox 781 2790 855 2870; x_wconf 81' lang='lat' dir='ltr'><strong>legi.</strong></span> 
     </span>
     <span class='ocr_line' id='line_1_28' title="bbox 147 2874 927 2956; baseline -0.001 -22"><span class='ocrx_word' id='word_1_152' title='bbox 147 2874 213 2935; x_wconf 84' lang='lat' dir='ltr'><strong>Sed</strong></span> <span class='ocrx_word' id='word_1_153' title='bbox 229 2877 287 2936; x_wconf 89' lang='lat' dir='ltr'><strong>tibi</strong></span> <span class='ocrx_word' id='word_1_154' title='bbox 301 2882 404 2937; x_wconf 90' lang='lat' dir='ltr'><strong>tantus</strong></span> <span class='ocrx_word' id='word_1_155' title='bbox 418 2877 502 2936; x_wconf 84' lang='lat' dir='ltr'><strong>inest</strong></span> <span class='ocrx_word' id='word_1_156' title='bbox 514 2877 630 2936; x_wconf 87' lang='lat' dir='ltr'><strong>veteris</strong></span> <span class='ocrx_word' id='word_1_157' title='bbox 644 2882 806 2956; x_wconf 85' lang='lat' dir='ltr'><strong>respectus</strong></span> <span class='ocrx_word' id='word_1_158' title='bbox 822 2874 927 2952; x_wconf 87' lang='lat' dir='ltr'><strong>amicI,</strong></span> 
     </span>
     <span class='ocr_line' id='line_1_29' title="bbox 192 2960 1116 3040; baseline -0.001 -21"><span class='ocrx_word' id='word_1_159' title='bbox 192 2960 302 3020; x_wconf 80' lang='lat' dir='ltr'><strong>Carior</strong></span> <span class='ocrx_word' id='word_1_160' title='bbox 315 2966 350 3020; x_wconf 91' lang='lat' dir='ltr'><strong>ut</strong></span> <span class='ocrx_word' id='word_1_161' title='bbox 365 2978 434 3020; x_wconf 91' lang='lat' dir='ltr'><strong>mea</strong></span> <span class='ocrx_word' id='word_1_162' title='bbox 447 2961 506 3038; x_wconf 88' lang='lat' dir='ltr'><strong>sit,</strong></span> <span class='ocrx_word' id='word_1_163' title='bbox 529 2980 618 3040; x_wconf 91' lang='lat' dir='ltr'><strong>quam</strong></span> <span class='ocrx_word' id='word_1_164' title='bbox 632 2966 685 3020; x_wconf 86' lang='lat' dir='ltr'><strong>tua</strong></span> <span class='ocrx_word' id='word_1_165' title='bbox 698 2961 778 3020; x_wconf 86' lang='lat' dir='ltr'><strong>fama</strong></span> <span class='ocrx_word' id='word_1_166' title='bbox 791 2960 858 3020; x_wconf 88' lang='lat' dir='ltr'><strong>tibi.</strong></span> <span class='ocrx_word' id='word_1_167' title='bbox 1109 3020 1116 3039; x_wconf 53' lang='lat'><strong>,</strong></span> 
     </span>
     <span class='ocr_line' id='line_1_30' title="bbox 121 3039 1134 3127; baseline 0 -22"><span class='ocrx_word' id='word_1_168' title='bbox 121 3043 200 3105; x_wconf 79' lang='lat' dir='ltr'><strong>asic</strong></span> <span class='ocrx_word' id='word_1_169' title='bbox 215 3043 305 3104; x_wconf 87' lang='lat' dir='ltr'><strong>Maro</strong></span> <span class='ocrx_word' id='word_1_170' title='bbox 318 3062 378 3104; x_wconf 91' lang='lat' dir='ltr'><strong>nec</strong></span> <span class='ocrx_word' id='word_1_171' title='bbox 393 3042 516 3105; x_wconf 86' lang='lat' dir='ltr'><strong>Galebri</strong></span> <span class='ocrx_word' id='word_1_172' title='bbox 530 3047 691 3125; x_wconf 86' lang='lat' dir='ltr'><strong>temptavit</strong></span> <span class='ocrx_word' id='word_1_173' title='bbox 705 3045 838 3105; x_wconf 87' lang='lat' dir='ltr'><strong>carmina</strong></span> <span class='ocrx_word' id='word_1_174' title='bbox 849 3039 971 3120; x_wconf 85' lang='lat' dir='ltr'><strong>Flacci,</strong></span> <span class='ocrx_word' id='word_1_175' title='bbox 1066 3058 1070 3127; x_wconf 64' lang='lat' dir='ltr'><em>J</em></span> <span class='ocrx_word' id='word_1_176' title='bbox 1102 3042 1134 3105; x_wconf 61' lang='lat'><strong>⁵¹5</strong></span> 
     </span>
     <span class='ocr_line' id='line_1_31' title="bbox 190 3126 876 3209; baseline 0 -22"><span class='ocrx_word' id='word_1_177' title='bbox 190 3126 372 3188; x_wconf 83' lang='lat' dir='ltr'><strong>PIndarIcos</strong></span> <span class='ocrx_word' id='word_1_178' title='bbox 386 3135 492 3189; x_wconf 83' lang='lat' dir='ltr'><strong>nosset</strong></span> <span class='ocrx_word' id='word_1_179' title='bbox 506 3149 575 3190; x_wconf 91' lang='lat' dir='ltr'><strong>cum</strong></span> <span class='ocrx_word' id='word_1_180' title='bbox 589 3147 736 3209; x_wconf 85' lang='lat' dir='ltr'><strong>superare</strong></span> <span class='ocrx_word' id='word_1_181' title='bbox 751 3128 876 3205; x_wconf 87' lang='lat' dir='ltr'><strong>modos,</strong></span> 
     </span>
     <span class='ocr_line' id='line_1_32' title="bbox 144 3211 831 3291; baseline 0 -19"><span class='ocrx_word' id='word_1_182' title='bbox 144 3212 189 3272; x_wconf 84' lang='lat' dir='ltr'><strong>Et</strong></span> <span class='ocrx_word' id='word_1_183' title='bbox 202 3211 297 3272; x_wconf 90' lang='lat' dir='ltr'><strong>Vario</strong></span> <span class='ocrx_word' id='word_1_184' title='bbox 313 3213 408 3272; x_wconf 86' lang='lat' dir='ltr'><strong>cessit</strong></span> <span class='ocrx_word' id='word_1_185' title='bbox 421 3213 550 3273; x_wconf 85' lang='lat' dir='ltr'><strong>Romani</strong></span> <span class='ocrx_word' id='word_1_186' title='bbox 563 3212 656 3273; x_wconf 87' lang='lat' dir='ltr'><strong>laude</strong></span> <span class='ocrx_word' id='word_1_187' title='bbox 672 3214 831 3291; x_wconf 88' lang='lat' dir='ltr'><strong>cothurni,</strong></span> 
     </span>
     <span class='ocr_line' id='line_1_33' title="bbox 191 3295 828 3376; baseline 0.005 -21"><span class='ocrx_word' id='word_1_188' title='bbox 191 3295 267 3355; x_wconf 85' lang='lat' dir='ltr'><strong>Gum</strong></span> <span class='ocrx_word' id='word_1_189' title='bbox 282 3302 392 3376; x_wconf 84' lang='lat' dir='ltr'><strong>posset</strong></span> <span class='ocrx_word' id='word_1_190' title='bbox 404 3299 520 3375; x_wconf 81' lang='lat' dir='ltr'><strong>tragico</strong></span> <span class='ocrx_word' id='word_1_191' title='bbox 535 3297 647 3357; x_wconf 91' lang='lat' dir='ltr'><strong>fortius</strong></span> <span class='ocrx_word' id='word_1_192' title='bbox 663 3314 717 3356; x_wconf 90' lang='lat' dir='ltr'><strong>ore</strong></span> <span class='ocrx_word' id='word_1_193' title='bbox 731 3295 828 3375; x_wconf 93' lang='lat' dir='ltr'><strong>loqui.</strong></span> 
     </span>
    </p>
   </div>
   <div class='ocr_carea' id='block_1_11' title="bbox 98 3366 1098 3545">
    <p class='ocr_par' dir='ltr' id='par_1_16' title="bbox 98 3366 1098 3545">
     <span class='ocr_line' id='line_1_34' title="bbox 146 3366 1098 3461; baseline -0.005 -23"><span class='ocrx_word' id='word_1_194' title='bbox 146 3379 265 3439; x_wconf 86' lang='lat' dir='ltr'><strong>Aurum</strong></span> <span class='ocrx_word' id='word_1_195' title='bbox 281 3386 314 3440; x_wconf 84' lang='lat' dir='ltr'><strong>et</strong></span> <span class='ocrx_word' id='word_1_196' title='bbox 328 3398 403 3461; x_wconf 87' lang='lat' dir='ltr'><strong>opes</strong></span> <span class='ocrx_word' id='word_1_197' title='bbox 418 3386 451 3440; x_wconf 92' lang='lat' dir='ltr'><strong>et</strong></span> <span class='ocrx_word' id='word_1_198' title='bbox 464 3401 538 3441; x_wconf 88' lang='lat' dir='ltr'><strong>rura</strong></span> <span class='ocrx_word' id='word_1_199' title='bbox 551 3381 700 3460; x_wconf 83' lang='lat' dir='ltr'><strong>frequens</strong></span> <span class='ocrx_word' id='word_1_200' title='bbox 716 3378 843 3441; x_wconf 84' lang='lat' dir='ltr'><strong>donabIt</strong></span> <span class='ocrx_word' id='word_1_201' title='bbox 856 3378 984 3438; x_wconf 84' lang='lat' dir='ltr'><strong>amicus:</strong></span> <span class='ocrx_word' id='word_1_202' title='bbox 1073 3366 1078 3433; x_wconf 78' lang='grc' dir='ltr'>Ξ</span> <span class='ocrx_word' id='word_1_203' title='bbox 1095 3444 1098 3451; x_wconf 41' lang='grc'>,</span> 
     </span>
     <span class='ocr_line' id='line_1_35' title="bbox 98 3460 1078 3545; baseline -0.005 -17"><span class='ocrx_word' id='word_1_204' title='bbox 98 3473 137 3528; x_wconf 84' lang='grc'><strong>10</strong></span> <span class='ocrx_word' id='word_1_205' title='bbox 189 3464 249 3540; x_wconf 75' lang='lat' dir='ltr'><strong>Qui</strong></span> <span class='ocrx_word' id='word_1_206' title='bbox 265 3463 341 3525; x_wconf 85' lang='lat' dir='ltr'><strong>velit</strong></span> <span class='ocrx_word' id='word_1_207' title='bbox 357 3465 479 3545; x_wconf 76' lang='lat' dir='ltr'><strong>ingenio</strong></span> <span class='ocrx_word' id='word_1_208' title='bbox 497 3464 631 3545; x_wconf 87' lang='lat' dir='ltr'><strong>cedere,</strong></span> <span class='ocrx_word' id='word_1_209' title='bbox 652 3483 740 3524; x_wconf 86' lang='lat' dir='ltr'><strong>rarus</strong></span> <span class='ocrx_word' id='word_1_210' title='bbox 755 3465 827 3528; x_wconf 71' lang='lat' dir='ltr'><strong>ccii.</strong></span> <span class='ocrx_word' id='word_1_211' title='bbox 1072 3460 1078 3481; x_wconf 82' lang='lat'><em>‘</em></span> 
     </span>
    </p>
   </div>
   <div class='ocr_carea' id='block_1_12' title="bbox 837 3544 907 3612">
    <p class='ocr_par' dir='ltr' id='par_1_17' title="bbox 837 3544 907 3612">
     <span class='ocr_line' id='line_1_36' title="bbox 837 3544 907 3612; baseline -0.014 0"><span class='ocrx_word' id='word_1_212' title='bbox 837 3544 907 3612; x_wconf 59' lang='lat' dir='ltr'><strong>qq*</strong></span> 
     </span>
    </p>
   </div>
   <div class='ocr_carea' id='block_1_13' title="bbox 0 0 1190 3924">
    <p class='ocr_par' dir='ltr' id='par_1_18' title="bbox 0 0 1190 3924">
     <span class='ocr_line' id='line_1_37' title="bbox 0 0 1190 3924; baseline 0 3"><span class='ocrx_word' id='word_1_213' title='bbox 0 0 1190 3924; x_wconf 95' lang='lat' dir='ltr'><strong> </strong></span> 
     </span>
    </p>
   </div>
  </div>
 </body>
</html>
