2370 3924
88 227 150 293 104
414 226 458 288 M.
474 227 565 289 VAL.
584 227 809 289 MARTIALIS

215 377 278 439 Sed
293 399 345 438 sua
362 399 430 438 cum
445 377 563 438 medius
577 377 696 458 praelia
710 380 849 441 llaeohus
864 388 953 442 amat

174 463 207 523 Si
223 464 314 522 nimis
330 469 378 523 est
393 462 508 541 legisse
522 461 614 541 duos,
635 464 694 522 tibi
711 464 817 524 charta
830 463 968 545 plicetur

214 544 339 607 Altera:
363 547 492 606 divisum
505 548 550 606 sic
564 547 659 607 breve
674 547 731 607 iiet
745 567 830 628 opus.

533 679 693 740 LXXXIII.

173 794 289 855 Securo
307 789 387 851 nihil
402 798 450 852 est
464 800 513 871 te,
534 792 687 870 Naevole,
708 795 816 874 peius;
836 795 947 859 eodem

215 876 356 938 Sollicito
372 874 451 935 nihil
465 884 532 955 est,
554 876 707 956 Naeaole,
728 885 761 938 tc
776 877 896 943 melius.

172 962 306 1022 Securus
320 958 440 1020 nullum
454 960 624 1040 resolutas,
646 961 782 1043 despicis
797 983 920 1042 omnes,

212 1045 277 1105 Nec
293 1045 452 1124 quisquam
464 1044 564 1124 liber,
586 1064 645 1106 nec
658 1047 717 1106 tibi
730 1053 820 1108 natus
833 1049 924 1109 homo
941 1058 1001 1112 est.

149 1128 331 1191 5Sollicitus
347 1128 459 1208 donas,
481 1129 636 1189 dominum
651 1149 820 1210 regemque
835 1133 971 1213 solutus,

213 1215 341 1273 Invitas:
364 1221 447 1291 esto,
469 1212 620 1291 Naevole,
642 1213 802 1276 sollicitus.

522 1346 686 1410 LXXXIV.

170 1460 238 1519 Non
253 1461 346 1520 estin
362 1457 478 1538 populo
494 1477 551 1519 neo
566 1461 644 1519 urbe
658 1467 740 1537 tota,

170 1546 197 1603 A
212 1562 245 1604 se
261 1542 381 1603 Thaida
397 1544 449 1621 qui
462 1544 576 1622 probet
590 1544 737 1622 fututam,

171 1629 248 1689 Cum
262 1625 351 1688 multi
366 1629 490 1707 cupiant
506 1634 679 1707 rogentque
693 1626 793 1691 multi.

171 1712 246 1771 Tam
262 1716 345 1771 casta
359 1719 424 1788 est,
446 1729 539 1792 rogo,
562 1712 681 1772 Thais?
707 1712 799 1771 Immo
815 1708 916 1775 fellat.

531 1845 682 1908 LXXXV.

169 1956 232 2016 Nos
249 1958 381 2017 bibimus
397 1960 496 2037 vitro,
516 1967 551 2018 tu
563 1970 686 2034 murra,
708 1949 847 2020 Pontice.
877 1958 1008 2037 Quare?

210 2039 328 2100 Prodat
340 2044 523 2122 perspicuus
537 2061 577 2102 ne
592 2041 652 2102 duo
667 2043 737 2101 vina
752 2039 840 2105 calix.

521 2192 683 2254 LXXXVI.

169 2302 261 2361 Siris
277 2305 400 2363 auribus
414 2305 527 2365 Atticis
542 2307 685 2385 probari,

167 2386 324 2446 Exhortor
339 2406 512 2467 moneoque
527 2396 576 2467 tc,
594 2387 722 2466 libelle,

167 2468 211 2527 Ut
226 2467 316 2530 docto
331 2469 453 2549 placeas
468 2471 649 2551 Apollinari.

167 2550 218 2610 Nil
233 2555 368 2614 exactius
384 2546 598 2633 eruditiusqlre
614 2564 678 2634 est,

148 2635 234 2696 sSeu
249 2655 307 2696 nec
323 2638 481 2698 candidius
496 2640 740 2719 benigniusque:

167 2718 201 2778 Si
215 2726 247 2780 te
261 2727 406 2800 pectore,
430 2724 456 2782 si
470 2724 592 2784 tenebit
607 2743 679 2802 ore,
759 2783 763 2790 .

166 2803 231 2864 Nee
245 2805 401 2866 rhonchos
416 2813 535 2867 metues
550 2807 781 2886 maligniorum,

165 2887 231 2949 Nec
245 2891 394 2950 scombris
410 2893 529 2951 tunicas
544 2891 632 2952 dabis
649 2891 804 2954 molestas.

167 2971 200 3030 Si
217 2972 422 3051 damnaverit,
445 2974 483 3033 ad
496 2973 677 3035 salariorum

124 3063 158 3114 10
166 3055 280 3116 (lurra
296 3058 410 3116 scrinia
423 3059 565 3137 protinus
578 3057 705 3137 licebit,

165 3138 288 3200 Inversa
302 3141 409 3220 pueris
425 3141 539 3201 arande
554 3144 668 3204 charta.

512 3275 691 3343 Lxxxvll,

165 3383 318 3444 Infantem
333 3404 436 3446 seeum
452 3408 575 3469 semper
593 3396 644 3450 tua
657 3391 766 3468 Bassa,
787 3390 935 3471 Fabulle,

207 3467 347 3531 Colloeat
361 3477 395 3530 et
405 3469 491 3531 lusus
508 3471 698 3554 deliciasque
712 3482 816 3552 vocat,
