2370 3924
88 241 146 305 -42
423 242 466 304 M.
488 244 577 306 VAL.
595 244 818 305 MARTIALIS

190 396 318 476 Spectas
337 393 595 473 eschatocollion,
617 396 748 474 Severe,

187 480 229 542 Et
246 478 353 559 longas
371 479 469 539 trahis
487 480 694 541 oscitationes.

167 564 277 625 5Haec
294 568 381 640 sunt,
405 581 483 641 quae
499 561 662 641 relegente
680 581 729 622 mc
747 562 867 633 solebas
978 582 981 589 ·

187 648 286 727 Rapta
306 647 485 724 excribere,
503 645 560 707 sed
577 645 763 709 Vitellianis.

188 731 274 791 Ilaec
291 736 377 808 aunt,
400 728 520 809 singula
537 749 614 809 qnae
631 732 700 791 sinu
716 730 840 794 ferebas

188 814 251 874 Per
267 814 403 874 convivia
421 821 548 893 cuncta,
569 833 627 894 per
645 815 782 893 theatra,

187 898 274 958 Haec
291 905 362 957 sunt
378 906 430 958 aut
444 897 572 959 meliora
589 899 616 957 si
635 917 693 977 qua
712 898 823 959 nescis.

146 992 180 1044 10
188 978 270 1058 Quid
287 979 416 1061 prodest
432 983 507 1042 milri
524 987 587 1041 tam
603 1000 706 1053 macer
722 980 867 1064 libellus,

186 1063 280 1124 Nullo
300 1066 431 1125 crassior
448 1072 482 1126 nt
502 1066 542 1126 sit
559 1063 721 1144 umbilico,

188 1149 221 1208 Si
237 1153 321 1208 totus
337 1148 395 1209 tibi
413 1149 515 1209 trIduo
533 1147 676 1228 legatur?

187 1231 348 1310 Nunquam
366 1230 497 1301 deliciae
517 1234 700 1312 supiniores.

187 1315 299 1376 Lassus
316 1321 378 1375 tam
396 1317 458 1377 cito
477 1315 584 1375 deficis
601 1317 716 1394 viator,

146 1399 227 1461 15Et
245 1418 312 1457 cnm
329 1417 457 1460 currere
474 1396 588 1459 debeas
605 1397 757 1478 Bovillas,

186 1482 400 1560 Interiungere
418 1483 541 1562 quaeris
560 1481 599 1542 ad
619 1483 791 1543 Camenas?

187 1566 314 1643 Inunc,
338 1566 434 1628 edere
451 1585 500 1628 me
517 1568 589 1628 iube
606 1564 740 1628 libellos.

592 1692 656 1752 VH.

186 1790 346 1852 Declamas
363 1788 466 1866 belle,
487 1808 591 1848 causas
609 1790 687 1866 agia,
710 1789 832 1867 Attice,
855 1787 956 1868 belle,

118 1921 122 1927 .
229 1875 383 1935 Historias
402 1870 516 1950 bellas,
538 1872 671 1931 carmina
688 1870 772 1931 bella
788 1872 881 1949 iacis,

188 1959 353 2039 Componis
368 1954 453 2016 belle
471 1956 594 2033 mimos,
617 1956 835 2035 cpIgrammata
852 1954 953 2035 belle,

229 2033 336 2102 Bellus
354 2040 583 2119 grammaticus,
604 2037 705 2099 bellus
724 2057 758 2099 es
776 2038 965 2120 astrologus,

165 2126 231 2187 5Et
247 2123 332 2185 belle
352 2133 454 2185 cantas
475 2129 508 2183 et
525 2119 635 2200 saltas,
656 2124 776 2201 Attice,
797 2122 897 2203 belle,

229 2208 333 2269 Bellus
352 2227 385 2268 es
405 2214 472 2268 arte
488 2205 593 2287 lyrae,
615 2204 717 2267 bellus
735 2225 768 2266 es
787 2212 854 2267 arte
868 2206 959 2288 pilae.

187 2291 240 2352 Nil
256 2295 336 2353 bene
358 2312 424 2352 cum
438 2292 550 2369 facias,
571 2291 666 2351 facias
684 2296 786 2350 tamen
804 2293 904 2352 omnia
922 2289 1026 2372 belle,

231 2376 287 2437 Vis
306 2375 404 2436 dicam
417 2373 491 2454 qnid
508 2374 574 2434 ais?
595 2392 720 2451 magnus
734 2393 768 2434 es
787 2373 913 2439 ardalio.

587 2504 664 2566 VIII.

137 2606 144 2697 ι’
187 2600 221 2660 si
236 2621 294 2679 qua
311 2599 496 2662 videbuntur
515 2603 630 2662 chartis
648 2603 720 2681 tibi,
740 2600 858 2682 lector,
877 2603 910 2663 in
928 2604 996 2664 latis

135 2700 140 2763 ι
230 2684 300 2745 Sive
320 2687 450 2747 obscura
466 2687 557 2746 nimis
575 2687 638 2746 sire
655 2684 752 2746 latIna
768 2707 891 2768 parum,

133 2766 138 2839 I
186 2766 255 2828 Non
273 2787 359 2838 mens
376 2777 424 2831 est
443 2789 547 2831 error:
568 2772 674 2830 nocuit
693 2769 837 2832 librarius
853 2769 917 2830 illis

81 2888 102 2944 «μ
130 2842 135 2919 ἕ
228 2852 307 2913 Dum
324 2862 473 2936 properat
489 2873 595 2914 versus
614 2873 815 2915 annumerare
832 2855 898 2915 tibi.

80 2940 90 2997 '.
129 2932 132 2977 ἵ
163 2943 181 2994 -5
190 2935 279 3011 Quod
296 2938 322 2997 si
340 2957 402 2998 non
419 2937 521 3015 illum,
542 2937 599 2998 sed
616 2957 665 2999 me
683 2957 829 3019 peccasse
849 2939 988 3018 putabis,

230 3019 318 3079 'l'unc
337 3038 394 3098 ego
411 3027 443 3081 te
463 3020 586 3081 credam
604 3021 707 3081 cordis
722 3023 839 3082 habere
856 3020 946 3084 nihil
1008 3028 1010 3033 ’

187 3101 269 3179 „Ista
286 3108 389 3163 tamen
405 3103 485 3164 mala
501 3105 605 3165 sunt.“
634 3104 726 3180 Quasi
738 3125 794 3166 nos
805 3106 968 3167 manifesta
979 3123 1143 3186 negemur:

140 3254 141 3261 ἵ
228 3186 314 3246 Haec
333 3186 411 3248 mala
429 3196 517 3268 sunt,
537 3188 593 3248 sed
611 3193 645 3248 tu
662 3208 724 3248 non
742 3189 870 3250 meliora
886 3190 963 3250 facis

592 3299 643 3362 IX.

187 3393 320 3476 Scripsi,
337 3398 499 3477 rerscripit
516 3398 560 3458 nil
575 3400 704 3477 Naevia,
726 3418 788 3460 non
807 3398 894 3461 dabit
912 3418 996 3479 ergo.

229 3478 293 3541 Sed
304 3486 381 3562 puto
401 3480 483 3562 quod
500 3484 610 3565 scripsi
626 3482 762 3562 legerat:
785 3502 859 3564 ergo
872 3483 965 3547 dabit.
