2370 3924
301 248 642 309 EPIGRAMMATON
656 248 730 312 LIB.
747 251 799 313 IV.
1010 254 1071 322 101

112 403 306 482 Dicebatque
323 403 386 462 auia
400 402 478 460 haee
493 407 611 461 tantum
626 400 737 462 (leenae
752 407 917 483 trecentis,

155 487 199 547 Ut
213 493 321 568 posset
336 485 458 545 domino
473 483 624 565 plaudere
640 487 737 546 inatus
753 505 858 567 eques.

87 572 246 635 oPraetor
262 571 305 630 ait
318 569 409 647 „Seia
423 588 472 630 me
488 569 606 649 Scorpo
622 570 797 650 Thalloque
813 571 969 653 daturum,

155 656 259 733 Atque
272 655 388 714 utinam
402 661 525 714 eentum
539 653 623 714 milia
638 654 703 715 oola
718 653 857 718 darem.“

111 739 162 799 nh
175 736 274 818 pudet
287 740 443 817 ingratae,
462 737 560 817 pudet
577 739 616 798 ah
630 737 711 799 male
726 738 828 800 divitia
846 760 943 801 arcae.

155 821 247 898 Quod
260 841 322 882 non
338 821 391 881 dan
407 823 521 900 equiti,
542 822 694 901 vindere,
714 824 862 903 Praetor,
885 827 986 904 equo?

488 991 621 1054 LXVIII.

112 1107 225 1166 Invitas
241 1110 364 1165 centum
381 1103 601 1183 quadrantibua
616 1112 649 1166 et
662 1107 744 1166 bene
760 1124 860 1168 cenas.

154 1190 198 1250 Ut
212 1208 320 1249 cenem
334 1189 464 1266 inultor,
488 1188 599 1267 Sexte,
621 1209 659 1249 an
673 1194 708 1249 ut
721 1188 897 1250 invideam?
977 1208 979 1212 ·

500 1355 605 1416 LXIX.

114 1482 165 1542 Tu
178 1482 285 1542 Setina
301 1481 426 1562 quidem
441 1501 565 1562 semper
579 1480 630 1542 vel
644 1483 778 1544 Massica
791 1486 898 1564 ponis,

153 1565 278 1648 Papile,
301 1565 358 1627 aed
373 1586 478 1627 rumor
491 1573 553 1626 tam
568 1567 649 1626 bona
663 1569 732 1627 vina
746 1575 847 1646 negat.

109 1651 232 1712 DioerIe
245 1651 303 1711 hae
317 1651 416 1711 faetna
435 1650 557 1711 caelebs
573 1658 682 1728 qnater
697 1669 766 1713 esne
782 1650 900 1730 lagona.

156 1733 221 1794 Neo
236 1741 328 1817 puto,
350 1753 409 1795 nee
425 1734 537 1812 oredo,
556 1734 683 1815 Papile,
705 1755 764 1796 neo
777 1737 857 1797 sitio.

502 1899 595 1961 LXX.

109 2009 197 2070 Nihil
210 2012 369 2075 Ammiano
384 2019 511 2091 praeter
525 2013 642 2074 aridam
657 2020 773 2074 reatem

111 2094 254 2157 Moriens
267 2094 397 2176 reliquit
410 2095 526 2158 ultimis
540 2105 631 2178 pater
647 2098 736 2158 ceria.

109 2179 197 2239 Fieri
212 2185 337 2261 putaret
350 2200 441 2262 posue
457 2183 542 2262 quis,
564 2179 751 2257 Marulline‚

109 2262 154 2323 Ut
167 2263 342 2324 Ammianus
357 2271 509 2326 mortuum
523 2271 642 2344 patrem
657 2262 779 2324 nollet?

497 2427 602 2489 LXXI.

110 2542 233 2618 Quaero
249 2539 302 2601 diu
317 2545 428 2618 totam,
450 2541 574 2601 Safroni
588 2542 684 2619 Rufe,
706 2561 764 2622 per
777 2544 902 2618 urbem,

155 2625 188 2684 Si
204 2644 263 2705 qua
276 2621 380 2705 puella
395 2631 505 2704 neget:
526 2624 614 2685 nulla
631 2624 736 2706 puella
750 2633 851 2704 negat.

111 2709 271 2788 Tanquam
285 2709 332 2769 faa
347 2728 409 2769 non
424 2710 482 2787 ait,
504 2716 649 2788 tanquam
664 2711 705 2769 ait
719 2716 810 2789 turpe
825 2726 957 2786 negare,

153 2793 313 2873 Tanquam
328 2813 391 2854 non
405 2793 515 2854 liceat:
536 2792 624 2852 nulla
638 2790 746 2874 puella
760 2800 860 2871 negat.

85 2878 205 2939 ocanta
218 2879 313 2956 igitur
327 2876 413 2938 uulla
428 2878 499 2938 eat?
519 2883 591 2937 aunt
604 2882 706 2937 castae
720 2875 824 2936 mille:
848 2874 921 2956 quid
936 2895 1011 2955 ergo

155 2962 246 3022 Cauta
260 2961 359 3021 tacit?
381 2981 443 3021 nou
458 2960 527 3039 dat,
549 2981 612 3021 non
628 2967 730 3021 tamen
744 2960 798 3022 illa
813 2968 914 3040 negat.

489 3126 607 3187 LXXII.

106 3238 230 3318 Exigis,
252 3247 287 3300 ut
301 3238 413 3299 donem
429 3246 553 3299 nostros
569 3241 643 3315 tibi,
666 3239 795 3316 Quinte,
816 3235 953 3299 libellos.

151 3323 220 3383 Non
234 3323 351 3401 habeo,
374 3323 431 3384 aed
444 3325 540 3384 habet
553 3323 721 3403 bibliopola
736 3322 897 3402 Tryphon.

107 3408 194 3485 „Aea
209 3406 288 3468 dabo
302 3427 360 3488 pro
375 3409 464 3487 nugis
479 3415 512 3468 et
530 3425 628 3466 emam
642 3414 695 3466 tuo
707 3407 842 3466 earmina
857 3404 970 3466 tanna?

149 3490 241 3550 Non“
255 3493 358 3569 inquio
373 3493 503 3570 „faciam
518 3498 579 3553 tam
592 3491 710 3551 fatue.“
737 3490 803 3550 Neo
818 3508 885 3568 ego.
