2370 3924
91 248 155 314 156
420 248 465 311 Μ.
480 249 573 311 VAL.
590 249 818 312 MARTIALIS

174 401 289 463 Infanti
302 398 461 461 melimela
476 399 548 460 dato
563 401 725 481 fatuasque
738 376 902 463 mariscas:

216 484 293 545 Nam
309 485 404 564 mihi,
427 502 505 564 quae
520 487 607 545 novit
620 502 779 565 pungere,
801 486 881 549 Chia
894 487 988 568 rapit.

560 617 671 681 xxvi.

173 729 389 810 Apollinarem
405 731 535 790 conveni
547 747 665 807 meum,
687 728 824 808 Scaton,

172 816 254 877 Etsi
269 814 406 891 vacabit,
429 831 470 873 ne
487 810 637 873 molestus
653 811 800 891 accedas,

172 899 242 958 Iloc
257 895 492 977 qualecunque,
514 899 601 956 cuius
615 894 718 975 aliqua
732 915 804 976 pars
817 898 888 981 ipae
899 904 968 979 est,

173 983 282 1043 Dabis:
304 981 364 1041 hoc
379 980 501 1040 facetae
517 999 642 1041 carmen
655 981 794 1041 imbuant
808 1001 908 1047 aures.

176 1067 210 1127 Si
223 1072 256 1126 te
274 1071 438 1144 receptum
455 1066 563 1124 fronte
578 1063 694 1125 videris
708 1069 791 1143 tota,

173 1149 254 1210 Noto
269 1150 395 1228 rogabis
409 1154 447 1209 ut
460 1148 568 1208 favore
581 1153 745 1210 sustentet.

176 1236 297 1311 Quanto
312 1251 468 1312 mearum,
490 1233 568 1310 scis,
590 1249 697 1292 amore
711 1251 860 1310 nugarum

173 1317 315 1398 Flagret:
337 1335 396 1377 nec
411 1319 481 1397 ipre
494 1314 566 1397 plus
581 1335 684 1376 amare
699 1321 732 1376 te
747 1335 881 1395 possum.

175 1404 292 1463 Contra
305 1400 457 1480 malignos
475 1418 545 1460 esre
561 1402 588 1459 si
602 1398 689 1460 voles
703 1406 804 1478 tutus,

133 1486 385 1568 loApollinarem
400 1486 533 1545 conveni
547 1502 664 1562 meum,
687 1482 813 1546 Scaton.

555 1632 678 1696 XXVII.

177 1748 299 1809 Tuscae
315 1746 436 1828 glandis
453 1767 528 1829 aper
543 1746 709 1828 populator
724 1753 757 1806 et
770 1745 843 1807 ilice
857 1747 956 1810 multa

218 1833 401 1912 Impiger,
425 1831 556 1892 Aetolae
571 1832 653 1891 fama
673 1828 809 1891 secunda
823 1831 930 1910 ferae,

177 1916 275 1991 Quem
289 1935 375 1976 meus
390 1917 517 1977 intravit
532 1915 711 1995 splendenti
725 1913 853 1995 cuspide
867 1917 1008 1999 Dexter,

217 1999 338 2059 Praeda
353 2001 436 2060 iacet
451 2002 566 2061 nostris
580 1999 731 2059 invidiosa
744 1999 834 2061 focis.

155 2084 386 2162 bPinguescant
400 2083 515 2144 madidi
528 2083 612 2144 laeto
628 2083 739 2143 nidore
754 2088 883 2163 penates

218 2166 348 2248 Flagret
362 2174 394 2229 et
412 2170 515 2229 exciso
532 2169 614 2229 festa
632 2166 734 2227 ouliua
747 2169 827 2246 iugo.

178 2253 242 2314 Sed
257 2273 348 2314 cocus
363 2255 524 2332 ingentem
539 2253 658 2334 piperis
674 2257 835 2311 consumet
851 2269 996 2314 acervum

220 2336 324 2397 Addet
338 2343 372 2397 et
387 2358 499 2398 arcano
513 2341 606 2397 mixta
619 2336 754 2397 Falerna
768 2354 852 2414 garo.

177 2421 228 2481 Ad
244 2420 400 2481 dominum
416 2419 544 2500 redeas,
567 2427 675 2480 noster
689 2425 721 2480 te
736 2439 799 2479 non
814 2420 897 2501 capit
912 2419 1015 2499 ignia,

136 2515 171 2567 10
220 2505 431 2564 Conturbator
447 2523 536 2584 aper:
558 2503 650 2564 vilius
666 2505 779 2565 esurio.

547 2638 684 2701 XXVIII.

178 2753 231 2814 Sic
248 2751 432 2813 Tiburtinae
448 2759 569 2813 crescat
583 2753 641 2813 tibi
655 2751 730 2812 silva
743 2752 860 2812 Dianae

219 2837 261 2896 Et
275 2844 426 2918 properet
440 2857 562 2898 caesum
577 2856 670 2917 saepe
685 2834 792 2896 redire
806 2854 931 2913 nemus,

178 2921 244 2980 Neo
261 2922 466 2982 'I‘artessiacis
479 2920 580 2980 Pallas
594 2926 664 2997 tua,
685 2921 806 2999 Fusce,
825 2921 960 3000 trapetis

222 3004 322 3065 Cedat
337 3012 370 3066 et
382 3004 539 3064 Immodici
554 3003 630 3063 dent
646 3006 726 3063 bona
739 3009 838 3064 musta
851 3003 957 3080 lacus;

158 3089 234 3150 5Sic
247 3089 316 3148 fora
330 3090 500 3163 mirentur,
523 3088 567 3147 ric
582 3093 615 3146 te
630 3087 743 3167 palatia
756 3086 886 3147 laudent

223 3170 352 3231 Excolat
367 3177 399 3230 et
412 3172 547 3248 gemmas
562 3169 697 3250 plurIma
710 3170 812 3252 palma
826 3172 929 3231 fores:

180 3257 251 3316 Otia
266 3254 338 3315 dum
352 3255 471 3315 medius
485 3260 622 3335 praestat
638 3258 696 3316 tibi
712 3277 806 3336 parva
822 3257 1015 3336 December,

121 3341 124 3347 '
220 3340 336 3418 Exige,
357 3339 531 3418 redemta,
554 3360 630 3419 quos
643 3340 740 3418 legis,
760 3359 833 3400 aure
848 3342 942 3400 iocos.

180 3425 291 3503 „Scire
306 3423 386 3484 libet
399 3424 529 3485 verum?
549 3444 602 3485 rea
617 3431 666 3484 est
680 3426 758 3484 haec
775 3423 901 3485 ardua.“
934 3420 999 3485 Sed
1013 3429 1052 3486 tu

131 3518 168 3571 15
219 3507 309 3587 Quod
327 3509 385 3572 tibi
399 3509 444 3571 vis
460 3506 538 3589 dici,
559 3509 684 3587 dicere,
702 3509 818 3586 Fusco,
840 3515 941 3589 potes.
