2370 3924
92 227 153 292 236
413 226 458 288 M.
474 226 566 290 vni..
582 227 808 291 maurianis

81 379 84 383 ’
174 389 288 448 Omnes
306 377 471 459 Sulpiciam
486 378 593 458 legant
606 381 724 458 mariti,

172 472 234 532 Uni
249 468 301 549 qni
317 465 445 544 cupiunt
458 461 583 542 placere
596 471 720 544 nuptae.

151 555 244 617 oNon
261 553 338 611 haee
355 545 523 608 Colchidos
538 547 650 607 asserit
660 545 814 624 furorem,

170 638 240 696 Diri
256 630 386 713 prandia
400 649 458 691 nec
473 630 575 690 refert
590 631 764 709 'i'hyestae3

175 715 322 795 Scyllam,
342 712 472 792 Byblida
485 733 543 774 uec
557 713 653 774 fuisse
670 713 785 793 eredit,

174 799 238 861 Sed
252 805 351 859 castos
367 796 460 857 docet
474 805 507 857 et
520 799 589 878 pios
604 816 739 877 amores,

172 883 287 960 Lusus,
309 879 437 942 delicias
451 881 649 960 facetiaeque.

133 981 166 1032 10
174 968 267 1028 Cuius
283 967 417 1026 earmina
435 966 487 1043 qui
501 966 582 1024 bene
597 956 784 1043 aestimarit,

172 1049 291 1110 Nullam
307 1049 422 1109 dixerit
436 1067 505 1108 esse
521 1052 722 1128 sanctiorem,

172 1133 296 1193 Nullam
310 1133 423 1193 dixerit
438 1151 508 1193 esse
523 1134 713 1211 nequiorem.

174 1217 269 1278 'i‘ales
282 1217 415 1296 Egeriae
429 1219 515 1277 iocos
529 1217 627 1276 fnisse

173 1301 243 1362 Udo
261 1300 448 1361 crediderim
463 1300 579 1361 Numae
595 1303 650 1360 rub
666 1310 763 1365 antro.

131 1386 239 1448 15Hac
254 1384 464 1465 condiscipula
477 1383 527 1445 vel
541 1386 599 1444 hac
613 1387 757 1464 magistra

172 1471 267 1530 Esses
281 1469 403 1530 doctior
418 1475 450 1528 et
463 1468 589 1548 pudica,
613 1469 751 1550 Sappho:

174 1553 237 1613 Sed
252 1559 355 1614 tecum
369 1554 488 1633 pariter
504 1552 656 1632 simulque
670 1554 764 1613 visam

173 1640 275 1698 Durus
291 1638 456 1718 Sulpiciam
471 1637 578 1696 Phaon
593 1643 715 1697 amarat.

172 1721 317 1782 Frustra:
340 1740 471 1800 namque
488 1739 524 1780 ea
539 1739 598 1780 nec
612 1721 764 1781 Tonantis
779 1740 872 1800 uror,

130 1807 236 1866 20Nec
248 1806 379 1882 Bacchi,
399 1823 458 1864 nec
473 1803 628 1883 Apollinis
645 1803 749 1885 puella

173 1891 292 1969 Erepto
308 1891 366 1948 sibi
381 1890 500 1948 viveret
514 1889 639 1950 Caleno.

540 2023 678 2085 XXXVI.

173 2134 315 2215 Improba
330 2134 487 2196 Massiliae
504 2136 655 2216 quidquid
670 2135 800 2195 fumaria
815 2144 947 2215 cogunt,

216 2220 338 2299 Accipit
351 2226 483 2280 aetatem
499 2221 637 2299 quisquis
652 2222 688 2279 ab
703 2221 774 2298 igne
792 2220 901 2299 cadus,

171 2304 262 2380 Ate,
284 2305 417 2382 Munna,
439 2307 538 2364 venit:
561 2306 683 2363 miseris
700 2310 735 2362 tu
748 2304 845 2363 mittis
861 2304 972 2365 amicis

213 2387 276 2445 Per
289 2388 387 2465 freta,
409 2407 467 2468 per
481 2388 588 2465 longas
604 2389 703 2447 toxica
718 2405 807 2448 saeva
821 2389 904 2463 vias3
934 2422 937 2428 ·

149 2469 238 2532 5Nec
250 2470 334 2529 facili
350 2473 469 2550 pretio,
492 2470 547 2530 sed
563 2491 622 2549 quo
639 2478 784 2531 contenta
797 2470 925 2532 Falerni

214 2553 310 2613 'l‘esta
324 2556 365 2614 sit
380 2562 432 2614 ant
445 2554 534 2614 cellis
550 2555 635 2614 Setia
650 2575 720 2614 cara
735 2556 806 2616 suis.

170 2637 239 2717 Non
254 2640 358 2698 venias
375 2657 469 2718 quare
485 2645 546 2698 tam
560 2636 652 2718 longo
668 2645 810 2719 tempore
824 2640 973 2718 Romam,

212 2722 299 2782 Haec
316 2729 391 2805 puto
407 2742 496 2783 causa
510 2724 568 2783 tibi
583 2730 648 2802 est,
670 2743 709 2783 ne
724 2731 775 2783 tna
789 2725 858 2784 vina
872 2724 976 2805 bibas.
1047 2786 1049 2790 ,

532 2858 682 2920 XXXVll.

170 2969 249 3029 luris
265 2976 297 3028 et
313 2988 477 3045 aequarum
492 2969 592 3028 cultor
604 2964 798 3029 ‘sanctissime
813 2967 933 3047 legum,

213 3052 361 3114 Veridico
376 3053 496 3112 Latium
512 3055 564 3131 qui
579 3054 662 3130 regis
679 3071 733 3112 ore
748 3052 865 3129 forum,

170 3138 339 3217 Municipi,
360 3137 521 3214 Materne,
542 3143 594 3196 tuo
608 3138 769 3214 veterique
785 3135 883 3196 sodali

214 3221 381 3281 Callaicum
396 3221 521 3280 mandas
538 3219 640 3299 siquid
655 3219 692 3279 ad
707 3221 878 3297 Oceanum,

147 3330 164 3384 5
173 3313 220 3378 An
236 3305 424 3369 Laurentino
439 3311 546 3385 turpes
560 3303 700 3365 inlitora
715 3323 804 3362 ranas

210 3399 250 3462 nt
266 3392 360 3458 satius
374 3395 485 3449 tenues
500 3390 615 3449 ducere
630 3387 732 3448 credis
749 3406 837 3463 acas,

176 3488 218 3558 ld
233 3507 286 3555 sua
301 3474 454 3558 captivam
470 3493 560 3554 quam
574 3493 644 3534 saxa
657 3473 819 3533 remittere
833 3467 980 3552 mullum,
