2370 3924
1 216 47 282 '26
303 217 348 280 M.
364 216 457 279 VAL.
472 216 700 278 MARTIALIS

240 418 347 481 XLIV.
375 418 606 480 Candelabrum
620 422 774 501 ligneum.

68 534 146 595 Esse
161 531 248 593 vides
263 530 396 611 lignnm3
419 549 524 590 servas
539 532 598 590 nisi
613 530 746 610 lomina,
770 533 826 594 ilat

108 617 155 676 De
170 614 355 677 candelabro
367 633 476 693 magna
488 611 617 674 lucerna
631 616 700 675 tibi.

319 748 412 812 XLV.
438 749 505 810 Pila
515 750 685 832 paganico.

67 848 154 908 Haec
170 865 248 926 quae
263 844 385 906 difficili
400 853 506 925 turget
519 849 666 927 paganica
683 845 805 929 pluma,

107 928 199 992 Folle
213 932 313 991 minus
330 929 399 989 laxa
415 937 464 990 est
479 937 512 991 et
526 932 626 990 minus
641 936 710 991 arta
722 931 801 1014 pila.

314 1063 418 1127 XLVI.
440 1064 511 1125 Pila
525 1065 702 1146 trigonalis.

67 1160 100 1221 Si
117 1178 166 1219 me
181 1158 346 1220 mobilibus
361 1163 443 1221 nosti
459 1160 621 1241 expulsare
636 1161 789 1238 sinistris,

110 1244 183 1304 Sum
197 1250 264 1304 tua:
287 1252 322 1305 tu
335 1247 453 1322 nescis,
473 1247 607 1305 rustice:
628 1243 727 1304 redde
743 1243 851 1327 pilam.

377 1379 497 1441 XLVII.
520 1378 630 1440 Follis.
703 1411 706 1416 ·

66 1477 112 1536 lte
125 1474 249 1555 procul,
271 1477 414 1537 iuvenes:
435 1478 518 1537 mitis
532 1477 608 1537 mihi
622 1478 767 1538 convenit
782 1484 890 1555 aetam

107 1558 199 1619 Folle
216 1558 308 1620 docet
321 1580 435 1642 pueros
450 1559 577 1638 ludere,
600 1559 679 1620 folle
695 1579 798 1622 senes.

335 1694 469 1758 XLVlll.
492 1695 668 1776 Harpasta.

65 1792 151 1852 Haec
165 1792 247 1871 rapit
262 1792 374 1852 Antaei
388 1791 477 1852 velox
489 1794 522 1853 in
536 1792 664 1873 pulvere
681 1791 831 1872 draucus,

109 1875 245 1936 Grandia
259 1878 310 1954 qui
325 1896 401 1936 vano
418 1877 498 1937 colla
512 1876 620 1937 labore
635 1877 717 1936 facit.

357 2009 463 2072 xiix
484 2009 644 2072 Halteres.

67 2104 149 2182 Quid
162 2113 296 2186 pereunt
316 2107 410 2167 stulto
427 2108 526 2168 fortes
540 2106 661 2168 haltere
679 2107 815 2170 lacerti?

106 2192 240 2252 Exercet
254 2190 364 2251 melius
379 2193 468 2251 vinea
482 2193 565 2253 fossa
579 2194 670 2253 viros.

361 2326 395 2385 L.
420 2327 642 2388 Galericulum.

64 2420 109 2479 Ne
125 2419 206 2482 lutet
221 2423 408 2484 immundum
422 2424 538 2485 nitidos
553 2444 675 2486 ceroma
691 2426 839 2507 capillos,

106 2505 172 2564 Hac
187 2509 305 2585 poteris
319 2509 456 2569 madidas
471 2510 607 2570 condere
622 2509 706 2590 pelle
724 2531 838 2573 comas.

382 2643 431 2704 Ll.
452 2643 609 2725 Strigiles.

64 2736 235 2816 Pergamon
249 2741 303 2800 has
318 2743 412 2802 misit.
443 2743 543 2803 curvo
559 2741 755 2822 destringere
772 2745 889 2821 ferro;

103 2822 173 2882 Non
187 2831 249 2884 tam
266 2843 359 2905 saepe
375 2831 460 2886 teret
472 2825 571 2889 lintea
584 2826 663 2886 lullo
679 2829 745 2887 tibi.

319 2958 380 3018 Lll.
405 2959 522 3019 (lullus
536 2980 676 3020 corneus.

63 3052 203 3114 Gestavit
216 3055 306 3116 modo
321 3057 426 3116 fronte
441 3076 489 3116 me
504 3059 660 3117 iuvencus.

61 3135 178 3198 Verum
192 3139 391 3200 rhinocerota
406 3159 454 3200 me
474 3143 613 3221 putabas.

348 3274 423 3335 Llll.
444 3274 644 3337 Rhinoceros.

61 3362 167 3443 Nuper
184 3367 216 3425 in
230 3371 365 3429 Ausonia
380 3370 494 3431 domini
509 3378 665 3451 spectatus
681 3374 799 3432 harena

101 3447 162 3509 Hic
177 3450 239 3508 erit
252 3449 307 3511 ille
322 3453 396 3529 tibi,
420 3457 469 3514 cni
483 3454 547 3535 pila
562 3464 668 3516 taurus
683 3460 761 3516 erat.
