2370 3924
326 234 666 298 EPIGRAMMATON
682 234 755 297 LlB.
774 235 822 297 ιιι.
1051 235 1092 301 61

550 436 598 497 ΠΙ.

122 553 314 632 [Formosam
328 549 441 610 faelem
454 551 543 628 nigro
558 549 761 611 medicamine
777 550 875 630 celae,

176 635 241 697 Sed
254 655 317 696 non
329 636 464 695 formoso
480 653 613 714 corpore
628 634 726 695 laedis
743 655 843 712 aquas.

132 721 234 802 Ipsum
250 719 345 781 crede
361 716 450 776 deum
462 719 566 777 verbis
580 721 639 779 tibi
654 718 760 779 dicere
775 720 907 779 uostris.

176 805 261 883 ,Aut
278 822 364 886 aperi
355 801 506 880 'faciem,
529 799 581 861 aut
594 804 730 863 tunicata
743 801 819 865 lava
823 804 854 882 “l

546 953 598 1015 lV.

134 1069 263 1131 Romam
277 1069 371 1148 vade,
392 1067 494 1131 liber:
516 1071 559 1149 si,
581 1070 704 1130 veneria
720 1067 819 1147 unde,
840 1069 998 1148 requiret,

134 1209 137 1213 .
176 1152 329 1214 Aemiliae
345 1153 431 1215 diues
446 1154 486 1215 de
500 1155 630 1233 regione
645 1155 721 1214 viae.

134 1237 185 1316 Si,
208 1239 319 1317 quibua
334 1239 367 1297 in
384 1240 495 1317 terris,
517 1239 684 1317 quonimus
698 1240 731 1297 ιιι
746 1238 823 1296 urbe
843 1238 981 1316 rogabit,

178 1319 307 1382 Corneli
320 1323 440 1382 referor
454 1341 503 1383 me
518 1321 596 1383 lieet
610 1341 679 1383 ease
692 1323 786 1382 Foro.

111 1407 202 1470 ocur
216 1406 329 1484 absim,
352 1414 499 1485 quaeret:
519 1408 657 1468 breviter
671 1413 706 1467 tu
720 1404 816 1465 multa
830 1406 956 1475 fatere:x

123 1547 126 1552 .
177 1490 269 1568 „Nou
282 1495 406 1570 poterat
419 1509 514 1551 ranae
529 1490 632 1551 taedia
648 1492 735 1550 ferre
751 1489 874 1568 togae.“
926 1527 929 1531 -

135 1572 287 1654 „Quando
305 1574 434 1635 ιθιιιιίιι
450 1573 552 1634 dicet:
570 1580 605 1634 tu
619 1572 826 1654 respondeto:
847 1575 985 1650 „Poeta

176 1658 321 1721 Exierat:
342 1659 464 1737 veniet,
487 1678 555 1718 eum
571 1656 768 1718 citharoedus
784 1657 878 1719 erit.“

554 1792 593 1856 V.

134 1905 192 1970 vis
208 1905 417 1968 commendari
431 1909 499 1968 siue
513 1927 562 1969 me
578 1928 722 1969 cursurus
736 1911 769 1970 in
782 1909 910 1987 urbem,

176 1991 276 2052 Parve
289 1990 388 2069 liber,
408 1990 530 2072 multia,
553 2012 590 2052 au
605 1995 679 2053 satis
693 2013 771 2053 unua
785 1993 869 2054 erit?

134 2075 222 2136 Unus
239 2075 317 2153 erit,
339 2075 542 2155 mihicrede,
565 2078 656 2154 ratis,
680 2079 728 2138 oui
741 2097 804 2137 uon
818 2077 881 2137 erio
895 2076 1026 2156 hospes,

177 2157 289 2238 lulius,
312 2158 467 2220 aeeiduum
481 2180 595 2221 nomen
609 2163 642 2220 in
657 2180 712 2221 ore
729 2180 808 2221 meo.

112 2242 283 2305 5Protiuus
294 2245 377 2304 huno
390 2246 509 2324 primae
525 2263 656 2324 quaeres
672 2247 704 2304 in
719 2244 824 2304 limiue
842 2245 974 2304 'tractae

179 2328 262 2404 Quos
276 2329 380 2388 tenuit
393 2329 546 2410 Daphnis,
567 2349 649 2388 nuno
661 2335 751 2389 tenet
765 2327 838 2407 ille,
856 2327 948 2390 lares.

134 2411 193 2472 Eat
206 2409 255 2474 illi
270 2413 417 2492 coniunx,
440 2432 517 2493 quae
532 2420 564 2474 te
580 2414 821 2494 manibusque'
796 2373 926 2493 srduque

176 2496 336 2576 Exeipiet,
360 2502 392 2556 tu
405 2495 455 2557 vel
469 2496 704 2599 pplverulentua
719 2517 780 2560 eae.

134 2579 203 2640 Hos
217 2586 252 2640 tu
271 2599 327 2640 seu
341 2582 460 2660 pariter
475 2583 539 2642 aive
556 2584 636 2643 hano
648 2581 775 2643 illumve
789 2583 927 2662 priorem

92 2674 128 2727 10
177 2663 320 2741 Videris,
342 2665 403 2725 hoe
418 2664 503 2726 dicer
519 2667 666 2744 „Marcus
682 2685 774 2727 urere
787 2664 908 2742 iubet,“

134 2748 178 2810 Et
191 2749 265 2808 satir
282 2753 348 2808 est:
370 2747 446 2810 olion
464 2749 659 2810 commendet
673 2748 821 2830 epistolar
840 2753 951 2829 peceat

177 2831 237 2907 Qui
254 2832 528 2893 commendandum
545 2852 578 2893 se
594 2838 682 2913 putat
701 2851 770 2893 esse
786 2834 857 2893 suis.

542 2967 595 3030 Vl.

134 3079 202 3140 Lux
216 3081 274 3141 tibi
288 3087 360 3161 post
372 3080 443 3141 lduo
458 3088 638 3142 numeratur
650 3083 745 3142 tertia
759 3081 874 3158 Maias,

178 3163 384 3245 Marcelline,
405 3166 467 3226 tuis
482 3167 529 3226 bis
546 3164 732 3227 celebranda
747 3167 852 3226 sooria.

134 3247 269 3327 Imputat
284 3250 440 3309 aetherios
456 3256 542 3310 ortua
557 3251 635 3310 haee
649 3251 748 3352 prima
758 3250 901 3332 parenti,

178 3331 270 3393 Libat
284 3335 435 3394 florentes
446 3334 524 3394 haee
538 3335 596 3395 tibi
612 3335 711 3414 prima
726 3352 829 3411 genas

110 3414 251 3494 5Maguu
265 3414 343 3478 lieet
356 3416 480 3478 dederit
493 3417 645 3479 iucundae
659 3436 787 3478 munero
800 3419 895 3494 vitae,

178 3497 254 3561 Plus
271 3520 425 3582 uunquam
439 3503 523 3582 patri
536 3503 698 3585 praestitit
709 3500 768 3564 ille
783 3501 864 3565 dieo.
