2370 3924
414 213 459 276 M.
473 212 565 276 VAL.
581 211 807 274 MARTIALIS

173 365 242 429 Una
254 365 406 427 lavamur:
421 350 538 447 'aspicit
553 362 632 424 nihil
647 384 767 443 surum,

174 450 238 512 Sed
253 456 374 531 spectat
389 449 486 510 oculis
504 449 721 510 devorantibus
738 448 867 510 draucos

173 534 239 595 Nec
255 536 362 595 otiosis
377 532 530 594 mentulas
545 532 630 593 videt
643 531 750 594 labris.
993 607 998 614 α

175 619 306 695 Quaeris
322 619 390 697 quis
407 617 459 676 hic
474 616 540 676 sit?
570 616 695 676 Excidit
711 617 786 675 mihi
801 634 922 678 nomen.

550 748 669 812 xcvii.

176 865 253 924 (ium
268 859 399 922 clamant
416 880 538 940 omnes,
559 858 698 941 loqueris
715 867 805 940 tunc,
827 859 982 942 Naesole,
1002 868 1134 944 tantum,

215 947 257 1007 Et
270 952 303 1006 te
318 952 482 1025 patronum
497 944 744 1024 causidicumque
763 951 862 1025 putas.

175 1031 242 1090 Hac
256 1030 378 1089 ratione
393 1034 499 1109 potest
515 1047 604 1088 nemo
621 1047 682 1088 non
698 1047 767 1089 esse
783 1029 928 1093 disertus.

216 1114 317 1190 Ecce,
337 1119 442 1173 tacent
457 1132 579 1173 omnes:
599 1110 753 1191 Naevole,
777 1111 827 1175 dic
842 1112 969 1195 aliquid.

541 1245 678 1308 xcviii.

175 1360 292 1439 Litigat
307 1365 339 1420 et
353 1358 488 1440 podagra
504 1358 673 1437 Diodorus,
696 1358 827 1438 Flacca,
846 1359 977 1428 laborat.

219 1443 281 1505 Sed
301 1442 346 1503 nil
361 1449 491 1523 patrono
507 1443 654 1523 porrigit:
677 1443 755 1504 baec
769 1445 917 1525 cheragra
932 1454 990 1510 est.
1048 1449 1050 1453 ’

560 1591 667 1653 xcix.

172 1704 243 1766 Non
256 1704 380 1785 plenum
398 1703 489 1764 modo
503 1706 620 1765 viciens
633 1706 787 1786 habebas,

176 1788 239 1849 Sed
254 1796 316 1848 tam
331 1787 478 1867 prodigus
494 1795 585 1867 atque
600 1787 743 1850 liberalis

173 1872 215 1931 Ilt
229 1879 290 1931 tam
303 1869 404 1932 lautus
419 1889 507 1949 eras,
531 1871 665 1951 Calene,
688 1880 723 1934 nt
738 1893 844 1936 omnes

176 1955 329 2034 Optarent
342 1956 400 2015 tibi
415 1958 554 2016 centiens
570 1958 666 2018 amici.

154 2039 274 2100 5Audit
287 2044 358 2099 vota
373 2038 449 2100 deur
464 2059 637 2120 precesque
651 2048 773 2102 nostras

175 2125 278 2202 Atque
294 2125 393 2201 intra,
415 2130 505 2204 puto,
527 2127 674 2205 septimas
688 2124 844 2186 Kalendas

175 2207 297 2267 Mortes
311 2208 371 2266 boc
385 2208 443 2268 tibi
459 2215 604 2287 quattuor
620 2207 784 2271 dederunt.

175 2292 218 2350 At
232 2296 266 2350 tu
281 2292 325 2350 sic
340 2293 425 2368 qnasi
440 2311 502 2352 non
515 2293 600 2353 foret
613 2291 774 2370 relictum,

174 2373 237 2434 Sed
254 2380 373 2454 raptum
388 2376 446 2436 tibi
462 2378 621 2453 centiens,
641 2377 732 2436 abisti

132 2457 206 2520 loln
221 2464 336 2517 tantam
350 2459 444 2518 miser
459 2461 676 2537 esuritionem,
780 2462 781 2466 ’

131 2578 146 2607 0
174 2541 217 2602 Ut
233 2543 369 2602 convivia
386 2545 627 2622 sumptuosiora,

175 2624 256 2684 Toto
273 2643 350 2703 quae
366 2623 464 2686 semel
479 2645 606 2706 apparas
622 2628 654 2686 in
670 2646 766 2705 anno,

174 2709 287 2786 Nigrae
303 2708 445 2770 sordibus
462 2710 597 2790 explices
612 2719 770 2788 monetae,

173 2793 214 2852 ut
229 2799 349 2874 septem
363 2800 486 2854 veteres
501 2796 547 2855 tui
561 2793 684 2856 sodales

57 2931 62 2939 .
133 2885 165 2937 15
175 2876 358 2938 Constemus
373 2879 429 2939 tibi
442 2877 585 2959 plumbea
601 2878 726 2940 selibra.

174 2959 256 3036 Quid
271 2959 394 3039 dignum
409 2964 529 3022 meritis
543 2982 708 3042 precemur
721 2963 812 3023 istis?

175 3044 322 3123 Optamus
336 3045 394 3104 tibi
409 3042 547 3118 miliens,
570 3045 695 3108 Calene.

134 3186 136 3190 .
174 3128 242 3186 Hoc
258 3128 285 3186 si
298 3129 481 3206 contigerit,
502 3127 583 3189 famo
596 3131 725 3209 peribis.

592 3262 627 3324 (l.

176 3371 324 3432 Mammas
339 3377 431 3450 atque
447 3378 525 3433 tatas
538 3373 633 3434 babet
647 3374 740 3451 Afra,
762 3373 819 3434 sed
830 3375 897 3453 ipsa
910 3380 1043 3436 tatarum

219 3455 287 3514 Dici
304 3462 336 3516 et
351 3475 544 3517 mammarum
559 3458 687 3518 maxima
703 3475 829 3518 mamma
844 3465 957 3538 potest.
