2370 3924
88 242 131 308 44

406 244 451 305 M.
469 242 561 306 VAL.
582 242 807 306 MARTIALIS

215 395 342 456 Assidet
359 401 391 455 et
410 394 583 472 cathedris,
604 400 721 454 maesta
736 395 882 474 iuvenca,
903 397 974 459 tuis.

172 479 247 541 Inde
264 481 345 559 petit
359 485 483 539 centum
496 476 666 558 pendentia
682 484 765 538 tecta
782 478 948 560 columnis,

135 575 164 626 10
213 561 304 623 illino
322 563 451 644 Pompei
468 562 548 621 dona
563 576 732 640 nemusque
751 561 872 642 duplex.

171 645 236 708 Neo
251 648 415 707 Fortunati
434 648 554 727 spernit
569 665 628 704 neo
645 644 757 706 balnea
773 645 897 725 Fausti,

212 731 277 791 Neo
296 728 398 811 Grylli
415 731 561 795 tenebras
578 725 781 809 Aeoliamque
797 730 894 810 Lupi:

169 815 245 875 Nam
262 815 491 875 ternisiterum
506 814 636 874 thermis
653 815 829 894 iterumque
844 812 974 879 lavatur.
1099 834 1102 838 ·

86 924 87 928 ’
214 899 322 960 Omnia
340 916 407 958 oum
423 898 516 976 fecit,
538 895 594 958 red
606 904 759 958 renuente
777 896 853 976 deo,

129 980 264 1044 15Lotus
282 981 320 1041 ad
336 983 478 1063 Europes
495 980 621 1063 tepidae
640 982 751 1042 buxeta
768 982 921 1061 recurrit,

215 1066 248 1127 Si
267 1067 336 1145 quis
350 1067 395 1128 ibi
413 1084 516 1126 serum
528 1071 634 1146 carpat
651 1067 765 1143 amicus
781 1066 854 1128 iter.

169 1150 233 1210 Per
250 1154 284 1210 te
300 1168 420 1231 perque
438 1156 538 1229 tuam,
557 1155 665 1210 vector
680 1147 811 1228 lascive,
831 1146 983 1229 puellam,

212 1233 263 1295 Ad
284 1252 391 1294 cenam
408 1234 525 1296 Selium
542 1239 577 1293 tu
593 1252 687 1312 rogo,
709 1240 815 1312 tante,
835 1251 918 1294 voca.

574 1365 640 1428 XV.

172 1477 261 1556 Quod
277 1477 355 1540 nolli
375 1477 500 1539 oalioem
517 1483 601 1539 tuum
616 1478 779 1559 propinas,

170 1564 310 1624 Humane
327 1565 420 1642 focis,
441 1563 576 1641 Hormo,
598 1582 661 1623 non
678 1563 821 1644 superbe.

568 1697 649 1761 xvi.

171 1806 277 1868 Zoilus
296 1813 449 1887 aegrotat:
472 1808 590 1869 faciunt
606 1809 685 1868 hono
705 1807 847 1888 stragula·
857 1808 988 1868 febrem.

214 1889 247 1948 Si
265 1891 362 1951 fuerit
373 1910 480 1969 sanus,
503 1893 626 1952 coccina
644 1892 718 1971 quid
734 1893 874 1953 facienti

172 1972 254 2049 Quid
267 1979 355 2034 torus
370 1994 387 2033 a
402 1973 489 2053 Nilo,
512 1974 587 2054 quid
601 1974 717 2036 Sidone
731 1977 846 2037 tinctus
861 1974 982 2036 olenti?

213 2056 359 2118 Ostendit
372 2056 480 2118 stultas
497 2058 569 2138 quid
583 2061 643 2119 nisi
657 2061 786 2121 morbus>
796 2060 893 2142 opes?

149 2139 258 2216 otinid
273 2142 331 2201 tibi
347 2161 415 2202 oum
428 2141 579 2205 medicis?
600 2143 721 2204 dimitte
734 2144 921 2205 Machaonas
936 2162 1054 2208 omnes.

212 2225 268 2285 Vis
278 2226 349 2286 fieri
363 2246 473 2307 sanus,
496 2226 631 2307 stragula
645 2245 730 2288 sume
744 2246 820 2290 mea.

560 2361 652 2423 XVII.

171 2467 320 2530 Tonstrix
335 2469 473 2531 Suburae
488 2471 627 2532 faucibus
642 2471 732 2533 sedet
745 2473 869 2552 primis,

170 2551 307 2613 Cruenta
320 2553 460 2634 pendent
475 2574 533 2634 qua
546 2553 670 2634 flagella
684 2562 837 2618 tortorum

169 2637 308 2716 Argique
323 2638 420 2698 letum
437 2637 552 2699 multus
570 2638 693 2700 obsidet
706 2638 806 2700 sutor?

169 2718 232 2780 Sed
247 2721 306 2781 ista
320 2723 468 2801 tonstrix‚
489 2723 663 2802 Ammiano,
686 2743 748 2784 non
762 2723 889 2804 tondet,

148 2803 239 2864 ‘Non
255 2805 382 2887 tondet,
402 2807 535 2884 inquam.
566 2808 647 2885 Quid
660 2809 755 2887 igitur
769 2809 866 2869 facit?
893 2806 995 2870 Radit.
1049 2832 1052 2840 ·

548 2941 654 3005 XVlll.

169 3050 267 3130 Capto
282 3057 380 3129 tuam,
400 3049 498 3130 pudet
512 3052 591 3130 hen,
614 3051 670 3112 sed
685 3059 791 3134 capto,
812 3053 964 3133 Maxime,
985 3073 1106 3135 cenam,

211 3133 259 3193 Tu
276 3140 379 3214 captas
397 3133 502 3195 aliam:
522 3136 583 3195 iam
600 3155 702 3196 sumus
717 3155 791 3216 ergo
808 3156 910 3218 pareo.

166 3216 261 3278 Mane
276 3216 438 3279 salutatum
455 3220 561 3298 venio,
579 3218 617 3280 ¹tu
633 3219 747 3281 dioeria
762 3222 825 3281 isse

208 3302 291 3361 Ante
309 3301 489 3364 salutatum:
510 3304 570 3364 iam
583 3324 685 3365 sumus
701 3323 775 3384 ergo
791 3324 892 3384 pares.

145 3382 243 3444 5Som
258 3403 361 3445 eomes
375 3387 443 3468 ipse
457 3394 527 3448 tuns
541 3386 712 3469 tumidique
729 3387 923 3450 anteambulo
941 3389 1043 3469 regis,

210 3468 259 3529 'l'u
274 3488 376 3530 comes
391 3469 534 3531 ulterius:
556 3473 616 3533 iam
633 3492 735 3533 sumus
750 3492 825 3552 ergo
841 3492 942 3554 pares.
