2370 3924
329 221 669 286 unieRAMMATON
681 225 755 290 LlB.
770 229 835 292 xli.
1043 231 1105 299 287

146 374 228 434 Dum
241 389 301 451 per
314 371 420 433 limina
436 373 468 434 te
482 379 692 456 potentiorum

123 456 296 520 esudatrix
311 461 382 534 toga
395 459 525 520 ventilat
538 481 707 540 vagumque

145 540 249 601 Maior
269 537 393 601 (laelius
409 548 442 601 et
455 545 556 604 minor
569 545 714 624 fatigant:

145 624 201 684 Me
216 621 329 684 multos
344 627 481 703 repetita
492 634 565 707 post
578 629 767 691 Decembres

144 708 277 787 Accepit
291 725 359 768 mea
373 710 583 790 rusticumque
597 714 675 773 feeit

144 793 230 851 Auro
245 788 368 852 Bilbilis
383 798 416 852 et
430 796 562 875 superba
575 797 672 859 ferro.

101 874 203 939 lollio
217 875 300 954 pigri
312 875 441 937 colimus
453 876 560 940 labore
575 879 659 940 dulci

144 958 315 1019 Boterdum
330 959 546 1043 Plateamquc3
566 963 736 1025 Celtiberis

143 1044 232 1104 Haec
247 1049 319 1103 sunt
332 1046 456 1105 nomina
470 1047 623 1108 crassiora
637 1050 741 1110 terris.

143 1127 266 1206 Ingenti
281 1127 370 1188 fruor
383 1130 586 1210 improboque
601 1151 724 1209 somno,

143 1213 243 1288 Quem
258 1230 316 1272 nec
329 1215 423 1272 tertia
439 1233 532 1294 saepe
547 1218 662 1297 rumpit
676 1218 770 1295 hora,

100 1296 182 1360 rent
196 1301 295 1356 totum
308 1296 384 1357 milri
394 1316 476 1359 nunc
490 1316 624 1380 repono,
648 1298 798 1380 quidquid

140 1379 207 1441 'l'er
222 1379 319 1441 denos
332 1379 526 1460 vigliavcram
539 1401 597 1465 per
611 1403 715 1445 annos.

139 1464 248 1544 ignota
262 1471 311 1525 est
326 1471 412 1545 toga,
433 1466 490 1527 sed
505 1467 595 1528 datur
607 1470 730 1548 petenti
751 1503 755 1510 ·

141 1548 245 1629 Rupta
257 1551 396 1628 proxima
410 1551 505 1611 vestis
520 1572 538 1612 a
554 1552 710 1614 cathedra.

141 1633 328 1712 Surgentem
342 1633 430 1694 focus
445 1636 561 1714 excipit
576 1638 710 1715 superba

97 1716 245 1780 20Vlclni
259 1723 344 1778 strue
361 1716 461 1778 cultus
476 1717 592 1796 iliceti,

139 1798 243 1861 Multa
257 1799 348 1861 vilieu
363 1819 453 1880 quem
468 1809 597 1862 coronat
611 1801 681 1864 olla.

139 1885 280 1959 Venator
294 1887 451 1965 sequitur,
474 1886 530 1947 sed
543 1884 597 1946 ille
613 1905 704 1965 quem
719 1893 754 1950 tu

139 1969 270 2029 Secreta
285 1971 390 2049 cupias
402 1970 519 2031 habere
533 1969 618 2034 silva.

139 2052 305 2134 Dispensat
318 2055 424 2135 pueris
440 2060 589 2133 rogatque
603 2052 713 2134 longos

94 2136 231 2198 25Levis
246 2155 365 2218 ponere
379 2137 489 2199 vilicus
505 2135 644 2217 capillos.

140 2219 194 2281 Sic
207 2240 257 2281 me
273 2223 393 2300 vivere,
415 2224 459 2283 sio
474 2224 556 2282 iuvat
570 2223 686 2303 perire.

538 2354 617 2416 XIX.

136 2469 172 2529 ln
188 2469 319 2529 thermis
333 2470 425 2530 sumit
438 2468 589 2548 lactucas,
609 2488 679 2548 ova,
701 2466 869 2549 lacertum,

179 2553 222 2614 nt
235 2570 347 2613 cenare
366 2553 448 2614 domi
463 2571 497 2614 ae
511 2560 603 2633 neget
618 2551 776 2618 Aemilius.

541 2688 607 2748 XX.

136 2798 241 2875 Quare
256 2817 318 2858 non
333 2797 460 2877 lrabeat,
482 2797 628 2874 Fabulle,
652 2799 775 2874 quaeris

134 2885 273 2946 Uxorem
289 2881 483 2943 Themison?
504 2884 600 2942 habet
614 2899 763 2941 sororem.

534 3015 605 3078 XXI

134 3128 328 3210 Municipem
342 3127 436 3208 rigidi
452 3129 519 3208 quis
534 3134 582 3205 te,
605 3124 772 3205 Marcelle,
794 3124 916 3189 Salonis

176 3213 219 3274 Et
234 3215 368 3292 genitam
381 3213 496 3273 nostris
513 3213 581 3291 quis
595 3215 684 3292 putet
697 3227 766 3269 esse
781 3207 882 3272 locis?

137 3297 215 3358 Tam
231 3317 350 3376 rarum,
374 3296 442 3357 dum
458 3295 548 3355 dulce
563 3295 643 3375 sapis
652 3316 661 3368 ;
684 3292 801 3354 Palatia
816 3294 936 3373 ditent,

183 3381 351 3442 Audierint
364 3382 391 3441 sl
406 3387 438 3441 te
455 3377 506 3440 vel
519 3377 631 3456 semel,
654 3397 723 3438 ease
740 3399 833 3440 suam.

114 3463 234 3531 5Nulla
249 3484 308 3526 nec
322 3467 355 3526 in
368 3464 469 3525 media
485 3462 618 3524 certabit
632 3468 703 3523 nata
717 3461 858 3540 Subureg
