<?xml version="1.0" encoding="UTF-8"?>
<!DOCTYPE html PUBLIC "-//W3C//DTD XHTML 1.0 Transitional//EN"
    "http://www.w3.org/TR/xhtml1/DTD/xhtml1-transitional.dtd">
<html xmlns="http://www.w3.org/1999/xhtml" xml:lang="en" lang="en">
 <head>
  <title>
</title>
<meta http-equiv="Content-Type" content="text/html;charset=utf-8" />
  <meta name='ocr-system' content='tesseract 3.04.00' />
  <meta name='ocr-capabilities' content='ocr_page ocr_carea ocr_par ocr_line ocrx_word'/>
</head>
<body>
  <div class='ocr_page' id='page_1' title='image "./epigrammatonlib02martgoog_0276.png"; bbox 0 0 2370 3924; ppageno 0'>
   <div class='ocr_carea' id='block_1_1' title="bbox 345 236 828 308">
    <p class='ocr_par' dir='ltr' id='par_1_1' title="bbox 345 236 828 308">
     <span class='ocr_line' id='line_1_1' title="bbox 345 236 828 308; baseline 0.008 -5"><span class='ocrx_word' id='word_1_1' title='bbox 345 242 686 303; x_wconf 76' lang='lat' dir='ltr'><strong>EPIGRAMMA&#39;I&#39;ON</strong></span> <span class='ocrx_word' id='word_1_2' title='bbox 700 244 774 305; x_wconf 86' lang='lat' dir='ltr'><strong>LIB.</strong></span> <span class='ocrx_word' id='word_1_3' title='bbox 789 236 828 308; x_wconf 82' lang='lat' dir='ltr'><strong>X.</strong></span> 
     </span>
    </p>
   </div>
   <div class='ocr_carea' id='block_1_2' title="bbox 143 391 937 556">
    <p class='ocr_par' dir='ltr' id='par_1_2' title="bbox 143 391 937 556">
     <span class='ocr_line' id='line_1_2' title="bbox 143 391 925 475; baseline 0.001 -21"><span class='ocrx_word' id='word_1_4' title='bbox 143 394 294 455; x_wconf 80' lang='lat' dir='ltr'><strong>Promisit</strong></span> <span class='ocrx_word' id='word_1_5' title='bbox 307 395 427 474; x_wconf 89' lang='lat' dir='ltr'><strong>pariter</strong></span> <span class='ocrx_word' id='word_1_6' title='bbox 442 413 475 454; x_wconf 83' lang='lat' dir='ltr'><strong>se</strong></span> <span class='ocrx_word' id='word_1_7' title='bbox 492 391 615 472; x_wconf 78' lang='lat' dir='ltr'>Phyllis</span> <span class='ocrx_word' id='word_1_8' title='bbox 629 395 754 473; x_wconf 87' lang='lat' dir='ltr'><strong>utrique</strong></span> <span class='ocrx_word' id='word_1_9' title='bbox 770 394 925 475; x_wconf 84' lang='lat' dir='ltr'><strong>daturam,</strong></span> 
     </span>
     <span class='ocr_line' id='line_1_3' title="bbox 187 475 937 556; baseline 0.003 -17"><span class='ocrx_word' id='word_1_10' title='bbox 187 479 229 539; x_wconf 79' lang='lat' dir='ltr'><strong>ut</strong></span> <span class='ocrx_word' id='word_1_11' title='bbox 244 476 347 537; x_wconf 85' lang='lat' dir='ltr'><strong>dedit:</strong></span> <span class='ocrx_word' id='word_1_12' title='bbox 369 476 426 537; x_wconf 85' lang='lat' dir='ltr'><strong>ille</strong></span> <span class='ocrx_word' id='word_1_13' title='bbox 440 475 552 556; x_wconf 90' lang='lat' dir='ltr'><strong>pedem</strong></span> <span class='ocrx_word' id='word_1_14' title='bbox 568 477 707 556; x_wconf 81' lang='lat' dir='ltr'><strong>sustulit,</strong></span> <span class='ocrx_word' id='word_1_15' title='bbox 728 480 780 538; x_wconf 89' lang='lat' dir='ltr'><strong>bic</strong></span> <span class='ocrx_word' id='word_1_16' title='bbox 794 482 937 541; x_wconf 88' lang='lat' dir='ltr'><strong>tunicam.</strong></span> 
     </span>
    </p>
   </div>
   <div class='ocr_carea' id='block_1_3' title="bbox 476 610 661 672">
    <p class='ocr_par' dir='ltr' id='par_1_3' title="bbox 476 610 661 672">
     <span class='ocr_line' id='line_1_4' title="bbox 476 610 661 672; baseline 0.005 -1"><span class='ocrx_word' id='word_1_17' title='bbox 476 656 479 661; x_wconf 82' lang='grc'>.</span> <span class='ocrx_word' id='word_1_18' title='bbox 512 610 661 672; x_wconf 85' lang='lat' dir='ltr'><strong>LXXXII.</strong></span> 
     </span>
    </p>
   </div>
   <div class='ocr_carea' id='block_1_4' title="bbox 121 707 977 1375">
    <p class='ocr_par' dir='ltr' id='par_1_4' title="bbox 121 707 977 1375">
     <span class='ocr_line' id='line_1_5' title="bbox 145 707 833 789; baseline 0 -19"><span class='ocrx_word' id='word_1_19' title='bbox 145 710 179 770; x_wconf 91' lang='lat' dir='ltr'><strong>Si</strong></span> <span class='ocrx_word' id='word_1_20' title='bbox 194 709 269 789; x_wconf 92' lang='lat' dir='ltr'><strong>quid</strong></span> <span class='ocrx_word' id='word_1_21' title='bbox 283 709 390 769; x_wconf 83' lang='lat' dir='ltr'><strong>nosira</strong></span> <span class='ocrx_word' id='word_1_22' title='bbox 403 710 466 768; x_wconf 90' lang='lat' dir='ltr'><strong>tuis</strong></span> <span class='ocrx_word' id='word_1_23' title='bbox 481 707 576 769; x_wconf 89' lang='lat' dir='ltr'><strong>adicit</strong></span> <span class='ocrx_word' id='word_1_24' title='bbox 590 711 709 770; x_wconf 80' lang='lat' dir='ltr'><strong>vexatio</strong></span> <span class='ocrx_word' id='word_1_25' title='bbox 723 712 833 788; x_wconf 89' lang='lat' dir='ltr'><strong>rebus,</strong></span> 
     </span>
     <span class='ocr_line' id='line_1_6' title="bbox 187 791 828 872; baseline 0.002 -19"><span class='ocrx_word' id='word_1_26' title='bbox 187 794 282 853; x_wconf 89' lang='lat' dir='ltr'><strong>Mane</strong></span> <span class='ocrx_word' id='word_1_27' title='bbox 298 791 350 853; x_wconf 80' lang='lat' dir='ltr'><strong>vel</strong></span> <span class='ocrx_word' id='word_1_28' title='bbox 364 813 382 852; x_wconf 86' lang='lat' dir='ltr'><strong>a</strong></span> <span class='ocrx_word' id='word_1_29' title='bbox 395 792 497 852; x_wconf 88' lang='lat' dir='ltr'><strong>media</strong></span> <span class='ocrx_word' id='word_1_30' title='bbox 513 799 605 852; x_wconf 91' lang='lat' dir='ltr'><strong>nocte</strong></span> <span class='ocrx_word' id='word_1_31' title='bbox 621 799 742 871; x_wconf 88' lang='lat' dir='ltr'><strong>togatus</strong></span> <span class='ocrx_word' id='word_1_32' title='bbox 757 813 828 872; x_wconf 87' lang='lat' dir='ltr'><strong>ero,</strong></span> 
     </span>
     <span class='ocr_line' id='line_1_7' title="bbox 144 876 884 957; baseline 0.001 -20"><span class='ocrx_word' id='word_1_33' title='bbox 144 876 384 955; x_wconf 81' lang='lat' dir='ltr'>Stridentesque</span> <span class='ocrx_word' id='word_1_34' title='bbox 401 877 500 936; x_wconf 88' lang='lat' dir='ltr'><strong>feram</strong></span> <span class='ocrx_word' id='word_1_35' title='bbox 513 877 604 937; x_wconf 87' lang='lat' dir='ltr'><strong>flatus</strong></span> <span class='ocrx_word' id='word_1_36' title='bbox 618 876 771 956; x_wconf 88' lang='lat' dir='ltr'><strong>aquilonis</strong></span> <span class='ocrx_word' id='word_1_37' title='bbox 785 879 884 957; x_wconf 90' lang='lat' dir='ltr'><strong>iniqui</strong></span> 
     </span>
     <span class='ocr_line' id='line_1_8' title="bbox 187 958 964 1040; baseline 0.001 -20"><span class='ocrx_word' id='word_1_38' title='bbox 187 962 229 1020; x_wconf 86' lang='lat' dir='ltr'><strong>Et</strong></span> <span class='ocrx_word' id='word_1_39' title='bbox 242 962 342 1040; x_wconf 84' lang='lat' dir='ltr'><strong>patiar</strong></span> <span class='ocrx_word' id='word_1_40' title='bbox 355 962 476 1020; x_wconf 80' lang='lat' dir='ltr'><strong>nimbos</strong></span> <span class='ocrx_word' id='word_1_41' title='bbox 489 961 699 1040; x_wconf 75' lang='lat' dir='ltr'><strong>excipiamque</strong></span> <span class='ocrx_word' id='word_1_42' title='bbox 714 963 810 1025; x_wconf 81' lang='lat' dir='ltr'><strong>niues.</strong></span> <span class='ocrx_word' id='word_1_43' title='bbox 962 958 964 962; x_wconf 46' lang='lat'><strong><em>⁴</em></strong></span> 
     </span>
     <span class='ocr_line' id='line_1_9' title="bbox 121 1042 901 1122; baseline -0.001 -17"><span class='ocrx_word' id='word_1_44' title='bbox 121 1043 213 1106; x_wconf 72' lang='lat' dir='ltr'><strong>ssed</strong></span> <span class='ocrx_word' id='word_1_45' title='bbox 227 1046 254 1103; x_wconf 89' lang='lat' dir='ltr'><strong>si</strong></span> <span class='ocrx_word' id='word_1_46' title='bbox 267 1063 330 1103; x_wconf 87' lang='lat' dir='ltr'><strong>uon</strong></span> <span class='ocrx_word' id='word_1_47' title='bbox 344 1045 399 1103; x_wconf 87' lang='lat' dir='ltr'><strong>flas</strong></span> <span class='ocrx_word' id='word_1_48' title='bbox 414 1042 584 1122; x_wconf 78' lang='lat' dir='ltr'><strong>quadrante</strong></span> <span class='ocrx_word' id='word_1_49' title='bbox 598 1046 720 1104; x_wconf 89' lang='lat' dir='ltr'><strong>beatior</strong></span> <span class='ocrx_word' id='word_1_50' title='bbox 734 1064 794 1105; x_wconf 91' lang='lat' dir='ltr'><strong>uno</strong></span> <span class='ocrx_word' id='word_1_51' title='bbox 898 1109 901 1114; x_wconf 61' lang='grc'>,</span> 
     </span>
     <span class='ocr_line' id='line_1_10' title="bbox 186 1126 898 1209; baseline 0.003 -22"><span class='ocrx_word' id='word_1_52' title='bbox 186 1126 250 1187; x_wconf 89' lang='lat' dir='ltr'><strong>Per</strong></span> <span class='ocrx_word' id='word_1_53' title='bbox 264 1129 396 1206; x_wconf 78' lang='lat' dir='ltr'><strong>gemitus</strong></span> <span class='ocrx_word' id='word_1_54' title='bbox 411 1134 534 1188; x_wconf 87' lang='lat' dir='ltr'><strong>nostros</strong></span> <span class='ocrx_word' id='word_1_55' title='bbox 548 1129 758 1209; x_wconf 84' lang='lat' dir='ltr'><strong>ingenuasque</strong></span> <span class='ocrx_word' id='word_1_56' title='bbox 773 1148 898 1208; x_wconf 88' lang='lat' dir='ltr'><strong>cruces,</strong></span> 
     </span>
     <span class='ocr_line' id='line_1_11' title="bbox 143 1212 977 1292; baseline 0.004 -21"><span class='ocrx_word' id='word_1_57' title='bbox 143 1212 258 1289; x_wconf 83' lang='lat' dir='ltr'><strong>Parce,</strong></span> <span class='ocrx_word' id='word_1_58' title='bbox 280 1230 409 1291; x_wconf 81' lang='lat' dir='ltr'><strong>precor,</strong></span> <span class='ocrx_word' id='word_1_59' title='bbox 429 1212 513 1271; x_wconf 86' lang='lat' dir='ltr'><strong>fesso</strong></span> <span class='ocrx_word' id='word_1_60' title='bbox 529 1230 683 1289; x_wconf 85' lang='lat' dir='ltr'><strong>vanosque</strong></span> <span class='ocrx_word' id='word_1_61' title='bbox 698 1212 824 1273; x_wconf 86' lang='lat' dir='ltr'><strong>remitte</strong></span> <span class='ocrx_word' id='word_1_62' title='bbox 837 1212 977 1292; x_wconf 83' lang='lat' dir='ltr'><strong>labores,</strong></span> 
     </span>
     <span class='ocr_line' id='line_1_12' title="bbox 186 1294 968 1375; baseline 0.005 -21"><span class='ocrx_word' id='word_1_63' title='bbox 186 1296 246 1371; x_wconf 80' lang='lat' dir='ltr'><strong>Qui</strong></span> <span class='ocrx_word' id='word_1_64' title='bbox 261 1297 319 1355; x_wconf 86' lang='lat' dir='ltr'><strong>tibi</strong></span> <span class='ocrx_word' id='word_1_65' title='bbox 333 1313 396 1354; x_wconf 90' lang='lat' dir='ltr'><strong>non</strong></span> <span class='ocrx_word' id='word_1_66' title='bbox 410 1302 541 1375; x_wconf 86' lang='lat' dir='ltr'><strong>prosunt</strong></span> <span class='ocrx_word' id='word_1_67' title='bbox 555 1300 588 1354; x_wconf 90' lang='lat' dir='ltr'><strong>et</strong></span> <span class='ocrx_word' id='word_1_68' title='bbox 603 1296 693 1373; x_wconf 87' lang='lat' dir='ltr'><strong>mihi,</strong></span> <span class='ocrx_word' id='word_1_69' title='bbox 716 1294 824 1375; x_wconf 81' lang='lat' dir='ltr'><strong>Galle,</strong></span> <span class='ocrx_word' id='word_1_70' title='bbox 846 1304 968 1358; x_wconf 88' lang='lat' dir='ltr'><strong>nocent.</strong></span> 
     </span>
    </p>
   </div>
   <div class='ocr_carea' id='block_1_5' title="bbox 502 1427 663 1490">
    <p class='ocr_par' dir='ltr' id='par_1_5' title="bbox 502 1427 663 1490">
     <span class='ocr_line' id='line_1_13' title="bbox 502 1427 663 1490; baseline 0.006 -1"><span class='ocrx_word' id='word_1_71' title='bbox 502 1427 663 1490; x_wconf 88' lang='lat' dir='ltr'><strong>LXXXIII.</strong></span> 
     </span>
    </p>
   </div>
   <div class='ocr_carea' id='block_1_6' title="bbox 99 1526 809 2445">
    <p class='ocr_par' dir='ltr' id='par_1_6' title="bbox 99 1526 809 2445">
     <span class='ocr_line' id='line_1_14' title="bbox 145 1526 746 1608; baseline 0.005 -22"><span class='ocrx_word' id='word_1_72' title='bbox 145 1527 242 1586; x_wconf 84' lang='lat' dir='ltr'><strong>Raros</strong></span> <span class='ocrx_word' id='word_1_73' title='bbox 255 1526 378 1605; x_wconf 80' lang='lat' dir='ltr'><strong>colligis</strong></span> <span class='ocrx_word' id='word_1_74' title='bbox 391 1529 464 1587; x_wconf 85' lang='lat' dir='ltr'><strong>Iriuc</strong></span> <span class='ocrx_word' id='word_1_75' title='bbox 480 1532 512 1586; x_wconf 89' lang='lat' dir='ltr'><strong>et</strong></span> <span class='ocrx_word' id='word_1_76' title='bbox 527 1528 600 1587; x_wconf 88' lang='lat' dir='ltr'><strong>hiuc</strong></span> <span class='ocrx_word' id='word_1_77' title='bbox 615 1527 746 1608; x_wconf 91' lang='lat' dir='ltr'><strong>capillos</strong></span> 
     </span>
     <span class='ocr_line' id='line_1_15' title="bbox 143 1609 727 1689; baseline 0.007 -20"><span class='ocrx_word' id='word_1_78' title='bbox 143 1610 295 1670; x_wconf 71' lang='lat' dir='ltr'><strong>uelatum</strong></span> <span class='ocrx_word' id='word_1_79' title='bbox 310 1609 443 1688; x_wconf 84' lang='lat' dir='ltr'><strong>nitidae,</strong></span> <span class='ocrx_word' id='word_1_80' title='bbox 464 1612 602 1689; x_wconf 75' lang='lat' dir='ltr'><strong>Mariae,</strong></span> <span class='ocrx_word' id='word_1_81' title='bbox 623 1611 727 1673; x_wconf 79' lang='lat' dir='ltr'><strong>calvae</strong></span> 
     </span>
     <span class='ocr_line' id='line_1_16' title="bbox 146 1695 755 1775; baseline 0.002 -21"><span class='ocrx_word' id='word_1_82' title='bbox 146 1695 293 1775; x_wconf 79' lang='lat' dir='ltr'><strong>Campum</strong></span> <span class='ocrx_word' id='word_1_83' title='bbox 310 1696 501 1774; x_wconf 88' lang='lat' dir='ltr'><strong>temporibus</strong></span> <span class='ocrx_word' id='word_1_84' title='bbox 517 1696 597 1773; x_wconf 87' lang='lat' dir='ltr'><strong>tegis</strong></span> <span class='ocrx_word' id='word_1_85' title='bbox 612 1698 755 1756; x_wconf 78' lang='lat' dir='ltr'><strong>comaIIs:</strong></span> 
     </span>
     <span class='ocr_line' id='line_1_17' title="bbox 146 1776 695 1839; baseline 0.004 -2"><span class='ocrx_word' id='word_1_86' title='bbox 146 1776 209 1838; x_wconf 86' lang='lat' dir='ltr'><strong>Sed</strong></span> <span class='ocrx_word' id='word_1_87' title='bbox 225 1779 299 1839; x_wconf 89' lang='lat' dir='ltr'><strong>moti</strong></span> <span class='ocrx_word' id='word_1_88' title='bbox 314 1778 449 1838; x_wconf 88' lang='lat' dir='ltr'><strong>redeunt</strong></span> <span class='ocrx_word' id='word_1_89' title='bbox 462 1780 589 1839; x_wconf 88' lang='lat' dir='ltr'><strong>iubente</strong></span> <span class='ocrx_word' id='word_1_90' title='bbox 603 1785 695 1839; x_wconf 84' lang='lat' dir='ltr'><strong>vento</strong></span> 
     </span>
     <span class='ocr_line' id='line_1_18' title="bbox 118 1861 761 1943; baseline 0.002 -21"><span class='ocrx_word' id='word_1_91' title='bbox 118 1861 391 1940; x_wconf 85' lang='lat' dir='ltr'><strong>5Reddunturque</strong></span> <span class='ocrx_word' id='word_1_92' title='bbox 406 1863 465 1922; x_wconf 88' lang='lat' dir='ltr'><strong>sibi</strong></span> <span class='ocrx_word' id='word_1_93' title='bbox 480 1870 632 1943; x_wconf 86' lang='lat' dir='ltr'><strong>caputque</strong></span> <span class='ocrx_word' id='word_1_94' title='bbox 647 1862 761 1923; x_wconf 92' lang='lat' dir='ltr'><strong>nudum</strong></span> 
     </span>
     <span class='ocr_line' id='line_1_19' title="bbox 147 1945 805 2026; baseline 0.006 -21"><span class='ocrx_word' id='word_1_95' title='bbox 147 1946 247 2006; x_wconf 79' lang='lat' dir='ltr'><strong>Cirris</strong></span> <span class='ocrx_word' id='word_1_96' title='bbox 261 1945 427 2024; x_wconf 83' lang='lat' dir='ltr'><strong>grandibus</strong></span> <span class='ocrx_word' id='word_1_97' title='bbox 441 1948 515 2006; x_wconf 92' lang='lat' dir='ltr'><strong>hinc</strong></span> <span class='ocrx_word' id='word_1_98' title='bbox 533 1952 566 2006; x_wconf 89' lang='lat' dir='ltr'><strong>et</strong></span> <span class='ocrx_word' id='word_1_99' title='bbox 582 1946 655 2007; x_wconf 87' lang='lat' dir='ltr'><strong>iude</strong></span> <span class='ocrx_word' id='word_1_100' title='bbox 671 1948 805 2026; x_wconf 87' lang='lat' dir='ltr'><strong>cingunt.</strong></span> 
     </span>
     <span class='ocr_line' id='line_1_20' title="bbox 144 2029 809 2111; baseline 0.005 -22"><span class='ocrx_word' id='word_1_101' title='bbox 144 2029 230 2089; x_wconf 87' lang='lat' dir='ltr'><strong>luter</strong></span> <span class='ocrx_word' id='word_1_102' title='bbox 245 2030 504 2111; x_wconf 87' lang='lat' dir='ltr'><strong>Spendophorum</strong></span> <span class='ocrx_word' id='word_1_103' title='bbox 519 2030 809 2111; x_wconf 82' lang='lat' dir='ltr'><strong>Telesphorumque</strong></span> 
     </span>
     <span class='ocr_line' id='line_1_21' title="bbox 143 2113 717 2192; baseline 0.002 -19"><span class='ocrx_word' id='word_1_104' title='bbox 143 2113 249 2192; x_wconf 85' lang='lat' dir='ltr'><strong>Cydae</strong></span> <span class='ocrx_word' id='word_1_105' title='bbox 265 2119 348 2173; x_wconf 87' lang='lat' dir='ltr'><strong>stare</strong></span> <span class='ocrx_word' id='word_1_106' title='bbox 362 2115 484 2192; x_wconf 88' lang='lat' dir='ltr'><strong>putabis</strong></span> <span class='ocrx_word' id='word_1_107' title='bbox 499 2115 717 2174; x_wconf 79' lang='lat' dir='ltr'><strong>Hermerotem</strong></span> 
     </span>
     <span class='ocr_line' id='line_1_22' title="bbox 146 2197 721 2277; baseline 0.003 -22"><span class='ocrx_word' id='word_1_108' title='bbox 146 2198 227 2272; x_wconf 78' lang='lat' dir='ltr'><strong>Quin</strong></span> <span class='ocrx_word' id='word_1_109' title='bbox 244 2203 278 2258; x_wconf 86' lang='lat' dir='ltr'><strong>tu</strong></span> <span class='ocrx_word' id='word_1_110' title='bbox 292 2197 460 2277; x_wconf 73' lang='lat' dir='ltr'><strong>reimpliciu</strong></span> <span class='ocrx_word' id='word_1_111' title='bbox 475 2215 582 2256; x_wconf 88' lang='lat' dir='ltr'><strong>senem</strong></span> <span class='ocrx_word' id='word_1_112' title='bbox 597 2198 721 2276; x_wconf 83' lang='lat' dir='ltr'><strong>lateris,</strong></span> 
     </span>
     <span class='ocr_line' id='line_1_23' title="bbox 99 2280 677 2343; baseline -0.007 0"><span class='ocrx_word' id='word_1_113' title='bbox 99 2292 137 2343; x_wconf 91' lang='lat'><strong>10</strong></span> <span class='ocrx_word' id='word_1_114' title='bbox 144 2281 189 2340; x_wconf 86' lang='lat' dir='ltr'><strong>Ut</strong></span> <span class='ocrx_word' id='word_1_115' title='bbox 203 2281 326 2341; x_wconf 88' lang='lat' dir='ltr'><strong>taudem</strong></span> <span class='ocrx_word' id='word_1_116' title='bbox 341 2280 475 2340; x_wconf 86' lang='lat' dir='ltr'><strong>videaris</strong></span> <span class='ocrx_word' id='word_1_117' title='bbox 492 2300 569 2340; x_wconf 89' lang='lat' dir='ltr'><strong>unus</strong></span> <span class='ocrx_word' id='word_1_118' title='bbox 585 2281 677 2339; x_wconf 75' lang='lat' dir='ltr'><strong>csse‘.l</strong></span> 
     </span>
     <span class='ocr_line' id='line_1_24' title="bbox 145 2362 674 2445; baseline 0.006 -22"><span class='ocrx_word' id='word_1_119' title='bbox 145 2364 238 2424; x_wconf 86' lang='lat' dir='ltr'><strong>Calvo</strong></span> <span class='ocrx_word' id='word_1_120' title='bbox 253 2366 372 2445; x_wconf 89' lang='lat' dir='ltr'><strong>turpius</strong></span> <span class='ocrx_word' id='word_1_121' title='bbox 391 2362 532 2423; x_wconf 85' lang='lat' dir='ltr'><strong>estnihil</strong></span> <span class='ocrx_word' id='word_1_122' title='bbox 547 2369 674 2426; x_wconf 90' lang='lat' dir='ltr'><strong>comato.</strong></span> 
     </span>
    </p>
   </div>
   <div class='ocr_carea' id='block_1_7' title="bbox 499 2498 662 2560">
    <p class='ocr_par' dir='ltr' id='par_1_7' title="bbox 499 2498 662 2560">
     <span class='ocr_line' id='line_1_25' title="bbox 499 2498 662 2560; baseline 0 -2"><span class='ocrx_word' id='word_1_123' title='bbox 499 2498 662 2560; x_wconf 88' lang='lat' dir='ltr'><strong>LXXXIV.</strong></span> 
     </span>
    </p>
   </div>
   <div class='ocr_carea' id='block_1_8' title="bbox 122 2595 872 2759">
    <p class='ocr_par' dir='ltr' id='par_1_8' title="bbox 122 2595 872 2759">
     <span class='ocr_line' id='line_1_26' title="bbox 122 2595 838 2675; baseline 0.003 -22"><span class='ocrx_word' id='word_1_124' title='bbox 122 2630 125 2634; x_wconf 94' lang='lat'>-</span> <span class='ocrx_word' id='word_1_125' title='bbox 142 2595 285 2674; x_wconf 83' lang='lat' dir='ltr'><strong>MIraris,</strong></span> <span class='ocrx_word' id='word_1_126' title='bbox 309 2615 404 2675; x_wconf 87' lang='lat' dir='ltr'><strong>quare</strong></span> <span class='ocrx_word' id='word_1_127' title='bbox 419 2595 583 2657; x_wconf 87' lang='lat' dir='ltr'><strong>dormitum</strong></span> <span class='ocrx_word' id='word_1_128' title='bbox 598 2617 659 2657; x_wconf 91' lang='lat' dir='ltr'><strong>non</strong></span> <span class='ocrx_word' id='word_1_129' title='bbox 676 2603 726 2657; x_wconf 89' lang='lat' dir='ltr'><strong>eat</strong></span> <span class='ocrx_word' id='word_1_130' title='bbox 739 2597 838 2657; x_wconf 73' lang='lat' dir='ltr'><strong>Afer?</strong></span> 
     </span>
     <span class='ocr_line' id='line_1_27' title="bbox 186 2678 872 2759; baseline 0.006 -22"><span class='ocrx_word' id='word_1_131' title='bbox 186 2679 356 2739; x_wconf 88' lang='lat' dir='ltr'><strong>Accumbat</strong></span> <span class='ocrx_word' id='word_1_132' title='bbox 370 2700 439 2740; x_wconf 88' lang='lat' dir='ltr'><strong>cum</strong></span> <span class='ocrx_word' id='word_1_133' title='bbox 454 2700 529 2759; x_wconf 79' lang='lat' dir='ltr'><strong>qua,</strong></span> <span class='ocrx_word' id='word_1_134' title='bbox 553 2678 755 2758; x_wconf 86' lang='lat' dir='ltr'><strong>Caediciane,</strong></span> <span class='ocrx_word' id='word_1_135' title='bbox 776 2679 872 2741; x_wconf 85' lang='lat' dir='ltr'><strong>vides.</strong></span> 
     </span>
    </p>
   </div>
   <div class='ocr_carea' id='block_1_9' title="bbox 505 2791 657 2854">
    <p class='ocr_par' dir='ltr' id='par_1_9' title="bbox 505 2791 657 2854">
     <span class='ocr_line' id='line_1_28' title="bbox 505 2791 657 2854; baseline 0.013 -2"><span class='ocrx_word' id='word_1_136' title='bbox 505 2791 657 2854; x_wconf 89' lang='lat' dir='ltr'><strong>LXXXV.</strong></span> 
     </span>
    </p>
   </div>
   <div class='ocr_carea' id='block_1_10' title="bbox 117 2887 1021 3538">
    <p class='ocr_par' dir='ltr' id='par_1_10' title="bbox 144 2887 878 3054">
     <span class='ocr_line' id='line_1_29' title="bbox 144 2887 878 2949; baseline 0.001 -1"><span class='ocrx_word' id='word_1_137' title='bbox 144 2889 207 2948; x_wconf 91' lang='lat' dir='ltr'><strong>Iam</strong></span> <span class='ocrx_word' id='word_1_138' title='bbox 224 2889 328 2948; x_wconf 80' lang='lat' dir='ltr'><strong>senior</strong></span> <span class='ocrx_word' id='word_1_139' title='bbox 343 2887 450 2947; x_wconf 87' lang='lat' dir='ltr'><strong>Ladon</strong></span> <span class='ocrx_word' id='word_1_140' title='bbox 465 2889 634 2949; x_wconf 81' lang='lat' dir='ltr'><strong>Tiberinae</strong></span> <span class='ocrx_word' id='word_1_141' title='bbox 647 2895 738 2948; x_wconf 89' lang='lat' dir='ltr'><strong>nauta</strong></span> <span class='ocrx_word' id='word_1_142' title='bbox 757 2888 878 2949; x_wconf 88' lang='lat' dir='ltr'><strong>carinae</strong></span> 
     </span>
     <span class='ocr_line' id='line_1_30' title="bbox 184 2970 796 3054; baseline 0.003 -22"><span class='ocrx_word' id='word_1_143' title='bbox 184 2973 327 3032; x_wconf 87' lang='lat' dir='ltr'><strong>Proxima</strong></span> <span class='ocrx_word' id='word_1_144' title='bbox 341 2970 466 3033; x_wconf 84' lang='lat' dir='ltr'><strong>dilectis</strong></span> <span class='ocrx_word' id='word_1_145' title='bbox 479 2993 552 3033; x_wconf 88' lang='lat' dir='ltr'><strong>rura</strong></span> <span class='ocrx_word' id='word_1_146' title='bbox 566 2975 684 3054; x_wconf 80' lang='lat' dir='ltr'><strong>paravii</strong></span> <span class='ocrx_word' id='word_1_147' title='bbox 700 2973 796 3051; x_wconf 88' lang='lat' dir='ltr'><strong>aquis.</strong></span> 
     </span>
    </p>

    <p class='ocr_par' dir='ltr' id='par_1_11' title="bbox 143 3054 1021 3221">
     <span class='ocr_line' id='line_1_31' title="bbox 143 3054 1021 3137; baseline -0.001 -21"><span class='ocrx_word' id='word_1_148' title='bbox 143 3058 229 3133; x_wconf 79' lang='lat' dir='ltr'><strong>Quae</strong></span> <span class='ocrx_word' id='word_1_149' title='bbox 246 3076 313 3115; x_wconf 91' lang='lat' dir='ltr'><strong>cum</strong></span> <span class='ocrx_word' id='word_1_150' title='bbox 329 3075 422 3136; x_wconf 81' lang='lat' dir='ltr'><strong>saepe</strong></span> <span class='ocrx_word' id='word_1_151' title='bbox 436 3077 529 3136; x_wconf 81' lang='lat' dir='ltr'><strong>vagus</strong></span> <span class='ocrx_word' id='word_1_152' title='bbox 545 3064 704 3137; x_wconf 89' lang='lat' dir='ltr'><strong>premeret</strong></span> <span class='ocrx_word' id='word_1_153' title='bbox 720 3058 912 3116; x_wconf 84' lang='lat' dir='ltr'><strong>torrentibus</strong></span> <span class='ocrx_word' id='word_1_154' title='bbox 928 3054 1021 3115; x_wconf 87' lang='lat' dir='ltr'><strong>nudis</strong></span> 
     </span>
     <span class='ocr_line' id='line_1_32' title="bbox 186 3139 894 3221; baseline -0.003 -22"><span class='ocrx_word' id='word_1_155' title='bbox 186 3141 293 3200; x_wconf 85' lang='lat' dir='ltr'><strong>Tibris</strong></span> <span class='ocrx_word' id='word_1_156' title='bbox 308 3146 341 3200; x_wconf 87' lang='lat' dir='ltr'><strong>et</strong></span> <span class='ocrx_word' id='word_1_157' title='bbox 354 3142 485 3200; x_wconf 89' lang='lat' dir='ltr'><strong>hiberno</strong></span> <span class='ocrx_word' id='word_1_158' title='bbox 500 3147 662 3221; x_wconf 87' lang='lat' dir='ltr'><strong>rumperet</strong></span> <span class='ocrx_word' id='word_1_159' title='bbox 674 3161 744 3200; x_wconf 91' lang='lat' dir='ltr'><strong>arva</strong></span> <span class='ocrx_word' id='word_1_160' title='bbox 756 3139 841 3218; x_wconf 86' lang='lat' dir='ltr'><strong>lacu,</strong></span> <span class='ocrx_word' id='word_1_161' title='bbox 892 3193 894 3197; x_wconf 89' lang='lat'><strong>.</strong></span> 
     </span>
    </p>

    <p class='ocr_par' dir='ltr' id='par_1_12' title="bbox 117 3224 913 3304">
     <span class='ocr_line' id='line_1_33' title="bbox 117 3224 913 3304; baseline -0.001 -18"><span class='ocrx_word' id='word_1_162' title='bbox 117 3224 314 3286; x_wconf 84' lang='lat' dir='ltr'><strong>5Emeritam</strong></span> <span class='ocrx_word' id='word_1_163' title='bbox 329 3225 471 3303; x_wconf 81' lang='lat' dir='ltr'><strong>puppim,</strong></span> <span class='ocrx_word' id='word_1_164' title='bbox 493 3226 562 3304; x_wconf 89' lang='lat' dir='ltr'><strong>ripa</strong></span> <span class='ocrx_word' id='word_1_165' title='bbox 577 3243 655 3304; x_wconf 90' lang='lat' dir='ltr'><strong>quae</strong></span> <span class='ocrx_word' id='word_1_166' title='bbox 670 3226 771 3284; x_wconf 89' lang='lat' dir='ltr'><strong>stabat</strong></span> <span class='ocrx_word' id='word_1_167' title='bbox 785 3226 818 3283; x_wconf 90' lang='lat' dir='ltr'><strong>iu</strong></span> <span class='ocrx_word' id='word_1_168' title='bbox 836 3224 913 3302; x_wconf 88' lang='lat' dir='ltr'><strong>alta,</strong></span> 
     </span>
    </p>

    <p class='ocr_par' dir='ltr' id='par_1_13' title="bbox 188 3305 756 3388">
     <span class='ocr_line' id='line_1_34' title="bbox 188 3305 756 3388; baseline 0.009 -21"><span class='ocrx_word' id='word_1_169' title='bbox 188 3305 332 3387; x_wconf 88' lang='lat' dir='ltr'><strong>Implevit</strong></span> <span class='ocrx_word' id='word_1_170' title='bbox 346 3309 424 3367; x_wconf 81' lang='lat' dir='ltr'><strong>saxis</strong></span> <span class='ocrx_word' id='word_1_171' title='bbox 442 3311 647 3388; x_wconf 89' lang='lat' dir='ltr'><strong>opposuitque</strong></span> <span class='ocrx_word' id='word_1_172' title='bbox 661 3307 756 3372; x_wconf 86' lang='lat' dir='ltr'><strong>vadis.</strong></span> 
     </span>
    </p>

    <p class='ocr_par' dir='ltr' id='par_1_14' title="bbox 141 3391 964 3538">
     <span class='ocr_line' id='line_1_35' title="bbox 141 3391 964 3472; baseline -0.001 -21"><span class='ocrx_word' id='word_1_173' title='bbox 141 3392 195 3451; x_wconf 91' lang='lat' dir='ltr'><strong>Sic</strong></span> <span class='ocrx_word' id='word_1_174' title='bbox 211 3393 320 3451; x_wconf 81' lang='lat' dir='ltr'><strong>nimias</strong></span> <span class='ocrx_word' id='word_1_175' title='bbox 337 3393 448 3452; x_wconf 84' lang='lat' dir='ltr'><strong>avertIt</strong></span> <span class='ocrx_word' id='word_1_176' title='bbox 463 3413 564 3470; x_wconf 80' lang='lat' dir='ltr'><strong>aquus.</strong></span> <span class='ocrx_word' id='word_1_177' title='bbox 598 3393 673 3468; x_wconf 80' lang='lat' dir='ltr'><strong>Quia</strong></span> <span class='ocrx_word' id='word_1_178' title='bbox 690 3391 822 3453; x_wconf 84' lang='lat' dir='ltr'><strong>credere</strong></span> <span class='ocrx_word' id='word_1_179' title='bbox 836 3392 964 3472; x_wconf 64' lang='lat' dir='ltr'><strong>posset?</strong></span> 
     </span>
     <span class='ocr_line' id='line_1_36' title="bbox 186 3473 811 3538; baseline 0.008 -5"><span class='ocrx_word' id='word_1_180' title='bbox 186 3473 343 3534; x_wconf 80' lang='lat' dir='ltr'><strong>Auxilium</strong></span> <span class='ocrx_word' id='word_1_181' title='bbox 361 3475 483 3536; x_wconf 90' lang='lat' dir='ltr'><strong>domino</strong></span> <span class='ocrx_word' id='word_1_182' title='bbox 499 3496 598 3536; x_wconf 88' lang='lat' dir='ltr'><strong>mersa</strong></span> <span class='ocrx_word' id='word_1_183' title='bbox 613 3478 716 3536; x_wconf 89' lang='lat' dir='ltr'><strong>carina</strong></span> <span class='ocrx_word' id='word_1_184' title='bbox 731 3475 811 3538; x_wconf 87' lang='lat' dir='ltr'><strong>tulit.</strong></span> 
     </span>
    </p>
   </div>
   <div class='ocr_carea' id='block_1_11' title="bbox 1043 244 1112 310">
    <p class='ocr_par' dir='ltr' id='par_1_15' title="bbox 1043 244 1112 310">
     <span class='ocr_line' id='line_1_37' title="bbox 1043 244 1112 310; baseline 0 0"><span class='ocrx_word' id='word_1_185' title='bbox 1043 244 1112 310; x_wconf 70' lang='lat'><strong>2¹19</strong></span> 
     </span>
    </p>
   </div>
   <div class='ocr_carea' id='block_1_12' title="bbox 0 0 1190 3924">
    <p class='ocr_par' dir='ltr' id='par_1_16' title="bbox 0 0 1190 3924">
     <span class='ocr_line' id='line_1_38' title="bbox 0 0 1190 3924; baseline 0 0"><span class='ocrx_word' id='word_1_186' title='bbox 0 0 1190 3924; x_wconf 95' lang='lat' dir='ltr'><strong> </strong></span> 
     </span>
    </p>
   </div>
  </div>
 </body>
</html>
