2370 3924
292 241 631 307 EPIGRAMMATON
644 244 718 307 LIB.
733 244 797 309 VII.
1002 242 1065 308 105

16 440 23 453 .
106 395 156 456 Ne
170 393 386 455 suscensueris
399 393 484 454 velut
499 398 643 475 superbo.
978 331 990 469 i

107 479 159 540 Te
174 497 231 560 pro
248 477 382 538 Caesare
397 475 497 538 debeo
512 498 639 558 rogare:

104 564 171 623 Pro
185 578 235 623 mc
248 558 348 622 debeo
364 561 529 625 Gaesarem
543 582 664 642 rogare.

508 721 585 784 LXI.

104 831 289 894 Abstulerat
302 839 399 895 totam
412 837 596 896 temerarius
610 835 735 895 institor
749 838 858 897 urbem
987 810 992 953 ἱ

149 915 246 995 Inque
260 936 316 978 suo
331 918 452 981 nullum
465 918 573 980 limine
585 916 683 979 limen
698 924 775 981 erat.

104 1001 226 1060 Iussisti
239 1006 366 1080 tenues,
389 1004 591 1081 Germanice,
612 1021 755 1064 crescere
770 1005 869 1083 vicos,
984 972 995 1037 l

147 1083 190 1145 Et
203 1083 295 1145 modo
312 1104 390 1164 quae
404 1088 508 1148 fuerat
522 1088 648 1165 semita,
669 1086 812 1147 lactaria
826 1095 884 1150 est.

81 1164 200 1232 5Nulla
215 1171 365 1230 catenatis
377 1170 441 1250 pila
456 1178 505 1232 est
517 1173 697 1250 praecincta
708 1168 844 1248 lagonis,

147 1251 213 1312 Nec
228 1258 356 1330 praetor
370 1254 472 1315 medio
488 1257 608 1332 cogitur
621 1256 670 1314 ire
684 1252 770 1328 luto;

105 1334 280 1414 Stringitur
293 1338 327 1396 in
342 1336 438 1399 densa
452 1357 511 1398 nec
526 1356 618 1398 caeca
630 1335 776 1398 novacula
791 1340 896 1415 turba,

148 1417 286 1500 Occupat
299 1428 351 1482 aut
364 1428 445 1483 totas
459 1423 549 1500 nigra
563 1423 677 1502 popina
691 1423 764 1481 vias.

80 1536 83 1541 ·
105 1503 251 1582 Tonsor,
273 1523 367 1585 copo,
389 1525 497 1583 cocus,
517 1504 617 1565 lanius
631 1524 685 1564 sua
698 1503 806 1563 limina
819 1509 951 1567 servant.

61 1599 96 1652 10
146 1586 236 1647 Nunc
248 1587 345 1648 Roma
359 1596 422 1668 est,
443 1607 544 1669 nuper
557 1607 666 1667 magna
679 1590 808 1655 taberna
821 1587 890 1648 fuit.

506 1749 596 1811 LXII.

101 1860 248 1924 Reclusis
262 1863 382 1923 foribus
396 1862 530 1942 grandes
543 1862 696 1944 percidis‚
718 1860 851 1941 Amille,

145 1949 189 2008 Iit
203 1953 236 2008 tc
251 1945 421 2026 deprendi,
441 1968 510 2009 cum
525 1948 602 2008 facis
616 1949 691 2025 ista,
712 1949 814 2026 cupis,

100 2030 152 2093 Ne
167 2029 242 2110 quid
255 2029 365 2091 liberti
379 2038 509 2092 narrent
527 2033 670 2109 servique
684 2033 807 2111 paterni

146 2115 188 2174 lut
205 2115 295 2193 niger
309 2112 435 2192 obliqua
450 2113 631 2194 garrulitate
646 2115 753 2178 cliens.

77 2197 174 2270 bNon
187 2197 345 2276 predicari
359 2216 393 2257 ae
409 2199 462 2276 qui
474 2203 621 2275 testatur,
642 2197 771 2277 Amille,

147 2278 230 2341 Illud
243 2300 336 2363 saepe
352 2282 443 2361 iacit,
466 2280 548 2361 quod
563 2283 630 2341 sine
645 2287 727 2341 teste
741 2281 824 2341 facit.

485 2444 589 2504 LXIII.

100 2553 254 2634 Perpetui
267 2573 421 2633 nunquam
435 2557 585 2617 moritura
599 2553 752 2616 volumina
768 2553 826 2614 Sili

148 2638 207 2714 Qui
221 2638 299 2717 legIs
316 2645 349 2698 et
361 2637 450 2698 Latia
464 2642 598 2699 carmina
612 2638 703 2719 digna
717 2646 805 2717 toga,

102 2722 226 2782 Pierios
239 2728 359 2782 tantum
372 2725 435 2783 vati
449 2721 603 2802 placuisse
618 2740 760 2781 recessus

146 2805 257 2866 credis
274 2812 307 2866 et
319 2807 437 2866 Aoniae
452 2806 603 2865 Bacchica
617 2810 701 2864 serta
715 2804 841 2863 comae?

75 2888 198 2952 ssacra
213 2891 389 2950 cothurnati
402 2909 465 2949 non
482 2890 585 2967 attigit
598 2895 669 2949 ante
684 2888 840 2963 Maronis,

78 3010 81 3019 ·
149 2972 291 3053 Implevit
306 2975 408 3053 magni
424 2993 511 3052 quam
526 2974 686 3034 Ciceronis
703 2989 787 3050 opus.

101 3058 195 3117 Hunc
210 3059 339 3118 miratur
354 3057 454 3117 adhuc
469 3065 593 3118 centum
607 3058 706 3136 gravis
720 3057 809 3114 basta
824 3055 976 3132 virorum,

144 3143 235 3201 Hunc
249 3139 388 3221 loquitur
402 3148 489 3220 grato
503 3141 652 3221 plurimus
668 3158 722 3200 ore
740 3135 849 3198 cliens.

100 3226 270 3304 Postquam
280 3228 328 3286 bis
344 3227 426 3285 senis
440 3227 598 3304 Ingentem
612 3225 747 3284 fascibus
763 3241 873 3282 annum

52 3320 93 3373 10
142 3308 293 3387 licuerat,
316 3315 434 3368 asserto
451 3311 503 3388 qui
516 3328 604 3368 sacer
619 3310 695 3368 orbe
707 3308 784 3384 fuit,

100 3393 260 3454 Emeritos
275 3393 375 3452 Musis
391 3398 424 3452 et
437 3394 564 3453 Phoebo
579 3390 708 3452 tradidit
723 3409 834 3468 annos,

144 3477 271 3556 Proque
286 3496 341 3537 suo
363 3475 503 3538 celebrat
516 3495 597 3537 nunc
609 3472 763 3536 Helicona
777 3475 856 3535 foro.
