2370 3924
318 210 828 281 EPIGRAMMATONLffl.v11.
925 158 930 169 '
1035 218 1099 285 169

507 413 644 478 LXXVI.

139 526 231 605 Quod
245 533 279 587 te
295 525 447 607 diripiunt
460 529 656 607 potentiores

136 613 200 673 Per
215 611 368 689 convivia,
390 612 546 691 porticus,
567 612 708 691 theatra,

138 697 181 757 nt
195 702 314 773 tecum,
338 697 481 774 quotiens
495 697 539 754 ita
551 694 709 775 incidisti,

139 780 265 841 Gestari
279 780 363 839 iuvat
380 783 414 838 et
427 780 511 838 iuvat
523 777 634 838 lavari:

89 872 110 926 5
136 861 242 924 Nolito
257 864 384 923 nimium
399 862 457 922 tibi
471 861 605 941 placere.

136 945 300 1025 Delectas,
320 944 516 1024 Philomuse,
538 964 601 1007 non
616 946 735 1009 amaris.

502 1078 652 1144 LXXVII.

134 1194 259 1272 Exigis,
280 1198 451 1255 utnostros
466 1190 579 1254 donem
592 1195 667 1274 tibi,
687 1195 807 1276 Tucca,
828 1198 962 1264 libellos.

180 1278 249 1338 Non
262 1277 388 1340 faciam:
410 1297 481 1338 uam
499 1279 544 1338 vis
559 1275 714 1358 vendere,
735 1299 797 1340 non
811 1278 929 1362 legere.

493 1410 657 1476 Lxxvffl.

136 1523 215 1584 (lum
229 1521 374 1584 Saxetani
387 1530 521 1604 ponatur
535 1522 631 1584 canda
644 1521 757 1585 lacerti

177 1609 235 1686 Et,
257 1609 338 1669 bene
354 1608 380 1668 si
396 1626 505 1686 cenas,
528 1608 654 1668 conchis
668 1608 794 1670 inuncta
807 1611 881 1672 tibi:

136 1690 267 1770 Samen,
290 1711 413 1772 aprum,
433 1690 590 1772 leporem,
613 1690 753 1770 boletos,
775 1700 896 1774 ostrea,
919 1695 1031 1760 mullos

176 1775 294 1836 Mittis:
316 1776 412 1838 habes
426 1793 485 1834 nec
500 1795 570 1853 cor,
592 1774 718 1857 Papile,
740 1795 799 1838 nec
814 1782 947 1858 genium.

504 1908 640 1971 LXXIX.

132 2022 242 2084 Potavi
255 2019 347 2082 mocio
363 2021 526 2083 consulare
540 2023 652 2084 vinum.

133 2106 283 2184 Quaeris,
306 2125 395 2184 quam
409 2112 497 2167 vetus
513 2112 606 2185 atquc
620 2105 777 2176 liberale?

133 2191 203 2269 Ipso
223 2190 349 2252 consule
367 2190 540 2251 conditum:
562 2189 619 2250 sed
633 2191 719 2271 ipse,

134 2274 194 2351 Qui
208 2276 359 2354 ponebat,
382 2280 468 2352 erat,
487 2274 621 2352 Severe,
644 2272 760 2336 consul.

508 2422 630 2484 LXXX.

133 2535 291 2611 Quatenus
307 2534 456 2615 Odrysios
469 2536 530 2595 iam
545 2555 605 2617 pax
617 2535 753 2596 Romana
766 2537 886 2596 triones

176 2619 347 2698 Temperat
362 2627 395 2678 et
409 2621 542 2678 tetricae
558 2621 738 2680 conticuere
752 2621 861 2695 tubae,

129 2703 223 2763 Hunc
235 2700 424 2764 Marcellino
438 2705 575 2782 poteris,
596 2702 761 2780 Faustine,
782 2701 926 2762 libellum

177 2786 326 2848 Mittere:
347 2790 407 2846 iam
423 2787 555 2864 chartis,
575 2787 635 2845 iam
650 2791 738 2845 vacat
750 2782 808 2844 ille
823 2787 908 2845 iocis.

107 2869 198 2930 aScd
213 2871 241 2930 si
253 2891 348 2950 parva
362 2873 408 2930 tui
423 2868 602 2929 munuscula
618 2870 741 2948 quaeris
756 2870 846 2928 amici

174 2953 416 3032 Commendare,
437 2955 520 3014 ferat
534 2955 669 3014 carmina
683 2958 790 3013 nostra
804 2970 898 3033 puer:

129 3037 200 3098 Non
218 3036 318 3117 qualis
332 3039 462 3100 Geticae
478 3040 605 3098 satiatas
618 3036 700 3098 lacte
716 3039 863 3098 iuvencae

174 3122 344 3182 Sarmatica
359 3121 462 3201 gelido
478 3120 561 3182 ludit
573 3124 607 3182 in
623 3140 711 3182 amne
724 3127 812 3200 rota,

130 3205 194 3266 Sed
208 3205 396 3287 Mitylenaei
409 3225 519 3266 roseus
534 3207 693 3285 mangonis
707 3207 863 3287 ephebus,

93 3299 122 3351 10
174 3288 237 3352 Vel
251 3310 314 3350 non
330 3309 437 3351 caesus
451 3290 551 3351 adhuc
565 3296 665 3351 matre
679 3291 806 3351 iubente
823 3290 936 3350 Lacon.

128 3373 172 3433 At
185 3376 245 3435 tibi
260 3377 380 3455 captivo
395 3373 528 3435 famulus
547 3377 689 3435 mittetur
704 3377 741 3435 ab
755 3376 882 3453 Histro,

173 3459 235 3534 Qui
249 3459 431 3520 Tiburtinas
443 3477 574 3541 pascere
590 3459 690 3540 possit
704 3477 785 3521 oves.
