2370 3924
312 225 653 291 EPIGRAMMATON
665 229 740 293 LIB.
756 231 806 294 VI.
1019 233 1080 300 lot

121 382 243 444 Versus
257 381 397 440 scribere
414 379 467 459 qui
481 387 586 460 potest
601 381 752 461 disertos,
861 431 864 437 .

123 465 325 542 Conscribat,
346 463 475 524 Laberi:
498 466 597 525 virum
611 466 735 544 putabo.

529 614 597 677 XV.

121 728 202 788 Dum
217 728 434 788 Phaethontea
446 728 577 789 formica
589 735 716 808 vagatur
729 730 763 789 in
777 732 901 812 umbra,

165 810 321 893 Imphouit
337 817 463 870 tenuem
478 813 582 872 sucina
597 819 683 890 gutta
696 812 803 874 feram.

122 894 176 956 Sio
189 893 279 955 modo
296 913 374 974 quae
389 894 492 955 fuerat
508 897 569 955 vita
584 902 761 977 contempta
774 905 934 978 manente,

164 978 341 1040 Funeribus
355 978 437 1038 iacta
455 985 502 1039 est
518 999 600 1039 nuno
613 982 751 1061 pretiosa
763 983 836 1045 auis.

411 1151 415 1158 '
522 1143 603 1206 XVI.

122 1253 175 1314 Τιι
192 1254 245 1333 qui
260 1273 342 1335 pene
356 1257 439 1316 viros
454 1261 558 1315 terres
572 1262 606 1316 et
617 1252 699 1315 falae
715 1257 877 1336 cinaedos,

164 1339 273 1418 Iugera
286 1339 416 1420 sepositi
430 1358 525 1420 pauca
539 1345 629 1399 tuere
644 1338 712 1400 soli.

123 1421 177 1482 Slo
192 1428 245 1482 tua
259 1442 321 1482 non
335 1424 455 1485 intrent
468 1420 566 1484 vetuli
579 1424 717 1503 pomaria
733 1423 836 1502 fures,

166 1505 230 1568 Sed
243 1525 322 1589 puer
336 1512 369 1568 et
382 1503 484 1586 longis
498 1504 629 1586 pulchra
643 1505 747 1586 puella
762 1509 864 1567 oomIs.

515 1654 609 1718 XVII.

124 1767 272 1845 (hunam,
295 1766 460 1846 (humma,
482 1773 514 1829 te
530 1769 619 1829 iubes
633 1767 744 1828 vocari

120 1851 197 1912 Nou·
206 1855 255 1911 est
268 1850 336 1927 hio,
357 1870 450 1930 rogo,
473 1852 588 1930 Cinna,
611 1852 840 1912 barbarismus?

121 1934 174 1995 Tu
191 1937 218 1995 si
231 1934 345 1996 Furius
361 1940 433 1996 ante
452 1933 554 1995 dictus
569 1954 669 2015 esses,

120 2019 188 2079 Fur
203 2020 263 2078 ista
277 2018 398 2079 ratione
418 2017 578 2079 dicereris.

505 2180 613 2243 XVIII.

123 2291 238 2353 Sancta
252 2289 393 2352 SalonIni
408 2294 503 2353 terris
517 2294 687 2371 requiescit
700 2293 829 2353 Hiberis

166 2376 233 2453 Qua
246 2374 358 2436 melior
374 2374 497 2456 Stygias
511 2396 574 2437 non
592 2376 677 2438 videt
690 2378 799 2438 umbra
814 2375 930 2438 domos.

121 2457 187 2522 Sed
200 2457 310 2538 lugere
324 2460 428 2520 nefas:
450 2462 585 2539 namqui
600 2467 651 2541 te,
673 2463 798 2542 PrIsce‚
819 2460 965 2542 reliquit,

163 2543 250 2607 Vivit
264 2563 323 2623 qua
336 2543 434 2606 voluit
451 2546 554 2606 virere
571 2552 661 2626 parte
672 2547 776 2625 magis.

524 2691 603 2752 xlx.

121 2805 194 2866 Non
213 2802 253 2864 ‹Ie
269 2804 416 2884 alnoque
432 2803 543 2881 caede,
565 2823 624 2864 uec
640 2823 778 2884 veneno,

120 2888 186 2950 Sed
201 2886 242 2948 lis
260 2894 308 2949 est
323 2890 399 2949 mihi
414 2887 454 2949 de
470 2889 569 2948 tribus
585 2886 724 2967 capellis.

118 2973 226 3035 Vioiui
245 2991 360 3052 queror
374 2974 430 3033 has
446 2974 555 3032 abesse
570 2971 664 3034 furto.

119 3057 190 3118 Hoc
205 3056 299 3118 iudex
314 3057 374 3117 sibi
386 3055 523 3137 postulat
538 3059 681 3136 probarI:

98 3140 176 3205 oTn
193 3141 314 3202 Cannas
328 3139 637 3219 Mithridaticumque
652 3139 770 3201 bellum

120 3227 164 3287 Et
176 3226 314 3306 periuria
327 3225 439 3285 Punici
452 3225 568 3285 furoris

120 3311 165 3370 Et
178 3308 278 3370 Sullas
293 3309 474 3388 Mariosque
491 3309 674 3386 Muciosque

121 3393 235 3472 Magna
249 3411 325 3456 voce
341 3413 431 3454 sonas
446 3410 598 3470 manuque
613 3396 688 3452 tota.

121 3476 184 3538 Iam
199 3476 274 3567 ‘¹³⁰2
288 3477 453 3557 Postume,
468 3476 508 3537 de
523 3476 622 3537 tribus
641 3469 780 3556 capeliis.
838 3557 890 3620 ψ
