2370 3924
329 203 669 274 EPIGRAMMATON
684 211 758 274 LIB.
774 211 813 274 X.
1030 215 1110 281 231⁴

135 365 372 442 Sollemnesque
386 365 472 423 iocos
486 382 546 424 nec
560 365 664 423 tristia
676 365 812 424 carmina
825 368 928 446 poscit

176 452 219 511 Et
233 450 374 528 queritur
387 467 483 526 nugas
498 449 665 507 obticuisse
677 467 770 508 meas.
1037 520 1040 524 Α

110 535 319 598 §Mensorum
333 531 435 610 longis
450 531 507 592 sed
520 551 602 591 nuno
616 538 704 606 vacat
717 531 775 591 ille
789 531 918 598 libellis.

177 618 294 697 Appia,
317 615 392 695 quid
405 616 518 694 facies,
538 617 566 675 si
582 613 662 693 legit
675 616 735 676 ista
748 615 880 676 Macer?

473 774 479 784 ¹
517 747 624 811 XVIII.

132 863 200 925 Nec
215 869 304 923 vocat
318 861 356 922 ad
372 881 479 922 cenam
493 861 628 940 Marius,
649 882 709 924 nec
722 883 850 924 munera
864 866 977 942 mittit,

177 949 243 1007 Nec
257 945 405 1025 spondet,
427 965 486 1006 nec
500 943 564 1006 volt
580 945 728 1026 credere,
750 947 807 1008 sed
820 967 879 1008 nec
894 950 995 1009 habet.

134 1031 243 1092 'l'urbo
259 1036 361 1088 tamen
375 1049 439 1089 nou
454 1029 559 1107 deest,
581 1030 721 1089 sterilem
737 1051 814 1110 quae
829 1039 919 1092 curet
933 1034 1070 1096 amicum.

177 1113 281 1176 Eheu!
304 1133 393 1191 quam
406 1114 509 1174 fatuae
525 1119 598 1173 sunt
611 1115 687 1190 tibi,
707 1114 819 1195 Roma,
841 1117 950 1195 togae!

532 1246 612 1308 XIX.

131 1361 200 1424 Nec
215 1361 339 1422 doctum
353 1364 428 1423 satis
443 1369 477 1422 et
489 1382 597 1442 parum
610 1362 768 1441 severum,

132 1445 200 1507 Sed
213 1465 277 1506 non
290 1445 471 1506 rusticulum
485 1447 576 1506 nimis
589 1444 731 1506 libellum

130 1529 280 1591 Facundo
295 1548 364 1589 mea
378 1529 497 1606 Plinio,
520 1530 645 1609 Thalia,

132 1613 147 1674 l
162 1614 287 1692 perfer:
310 1615 413 1673 brevis
428 1619 477 1673 ert
490 1611 580 1674 labor
594 1621 739 1693 peractae

108 1695 244 1759 5Altum
257 1698 383 1757 vincere
398 1698 553 1757 tramitem
568 1697 715 1758 Suburae.

131 1779 204 1841 Illic
220 1781 347 1860 Orphea
360 1782 502 1860 protinus
519 1780 639 1841 videbis

131 1863 195 1926 Udi
209 1865 328 1924 vertice
342 1863 494 1924 lubricum
509 1866 641 1944 theatri,

131 1948 350 2027 Mirantesque
364 1949 448 2007 feras
463 1967 610 2028 avemque
624 1951 726 2028 regis,

131 2032 266 2113 Raptum
283 2051 361 2111 quae
375 2032 499 2110 Phryga
513 2032 645 2113 pertulit
659 2033 803 2094 Tonanti.

90 2113 201 2176 iolllic
215 2135 309 2196 parva
323 2117 370 2175 tui
384 2115 491 2175 domus
504 2115 641 2176 Pedonis

134 2197 261 2259 Caelata
275 2205 324 2259 est
338 2197 460 2278 aquilae
476 2201 596 2259 minore
610 2201 712 2278 pinna.

132 2282 197 2343 Sed
210 2302 251 2343 ne
267 2292 408 2363 tempore
421 2303 484 2342 non
498 2291 551 2343 tuo
567 2282 713 2344 disertam

131 2365 243 2427 Pulses
261 2369 348 2428 ebria
362 2369 498 2444 ianuam,
520 2366 635 2428 videto.
728 2395 730 2400 ·

135 2451 234 2511 Totos
250 2450 302 2512 dat
316 2453 448 2512 tetricae
463 2451 531 2511 dies
545 2451 726 2528 Minervae,

95 2534 209 2594 ltDum
225 2543 349 2594 centum
363 2533 469 2594 studet
483 2537 607 2595 auribus
623 2536 758 2596 virorum

131 2619 201 2680 Hoc
217 2618 301 2698 quod
314 2617 437 2678 saecula
451 2621 632 2698 posterique
648 2620 769 2699 possint

133 2703 261 2782 Arpinis
277 2721 399 2782 quoque
415 2720 594 2781 comparare
608 2703 734 2762 chartis.

133 2786 225 2846 Seras
240 2789 338 2846 tutior
350 2788 411 2847 ibis
426 2786 466 2846 od
478 2785 632 2846 lucernas.

132 2870 219 2930 Haeo
232 2872 310 2930 hora
324 2879 373 2930 est
387 2879 454 2948 tna,
476 2889 544 2929 cnm
558 2869 635 2928 furit
649 2868 786 2947 Lyaeus,

82 2956 118 3008 >
132 2953 208 3015 Cum
221 2961 333 3034 regnat
346 2975 433 3033 rosa,
456 2974 524 3013 cum
538 2951 664 3013 madent
677 2949 798 3032 capilli:

134 3037 222 3100 'I'unc
235 3058 285 3099 me
300 3037 351 3099 vel
363 3037 457 3117 rigidi
470 3037 576 3117 legant
589 3037 732 3098 Catones.

536 3172 603 3233 xx·
679 3167 681 3170 ,

127 3285 225 3346 Ducit
242 3286 281 3346 ad
300 3286 452 3346 auriferas
471 3284 553 3364 quod
570 3302 620 3344 me
640 3281 713 3344 Salo
733 3281 876 3343 Celtiber
895 3299 983 3361 oras,

174 3368 317 3431 Pendula
333 3369 415 3450 quod
429 3371 549 3450 patriae
564 3370 666 3428 virere
680 3373 765 3427 tecta
778 3365 873 3444 libet,

109 3450 182 3514 ‘Iu
199 3456 277 3515 mihi
294 3453 502 3534 simplicibus,
524 3453 628 3532 Mani,
651 3450 783 3512 dilectus
798 3452 836 3512 alr
854 3449 946 3515 annis
