2370 3924
333 233 672 298 EPIGRAMMATON
684 233 758 297 LlB.
775 235 839 296 llll.
1044 238 1106 302 283

575 435 597 494 l.

147 553 240 614 Retia
254 549 327 611 dum
342 556 464 611 cessant
477 510 705 629 latratoresque
721 547 851 612 Molossi
867 611 871 620 ,

188 636 231 698 lit
243 654 306 696 nou
320 636 446 695 invento
461 633 536 694 silva
551 634 683 713 quiescit
697 653 788 713 apro,

147 720 236 797 Otia,
256 719 382 797 Prisce,
401 719 489 778 brevi
502 718 622 799 poteris
637 715 753 777 donare
765 714 885 779 libello.

188 804 275 863 Hora
289 820 348 863 nec
362 801 478 862 aestiva
492 807 613 862 estnec
627 802 685 862 tibi
699 805 765 862 tota
779 801 871 882 perit.

569 936 605 998 11.

146 1050 233 1125 Quae
247 1046 338 1109 modo
353 1046 484 1109 litoreos
496 1049 588 1110 ibatis
603 1049 737 1107 carmina
750 1047 887 1126 Pyrgos,

188 1134 235 1193 lte
250 1151 356 1209 suem
373 1134 434 1193 iam
448 1152 510 1193 nou
523 1128 741 1215 pulverulenta
754 1131 803 1189 via
817 1137 875 1192 est.

558 1266 606 1326 111.

144 1375 195 1438 Ad
209 1376 340 1457 populos
355 1377 438 1437 mitti
454 1378 507 1457 qui
521 1394 621 1458 nuper
636 1378 674 1437 ab
689 1377 768 1436 urbe
782 1373 922 1454 sclebas,

186 1461 268 1538 lan,
289 1461 337 1538 11,
359 1459 485 1535 Romam
499 1480 581 1522 nune
597 1460 764 1542 peregrine
777 1459 875 1538 liber,

145 1545 285 1606 Auriferi
300 1541 339 1604 de
358 1551 451 1623 geute
468 1546 546 1624 Tagi
560 1544 728 1623 tetricique
743 1541 881 1623 Salonis,

186 1628 249 1690 nat
261 1628 381 1708 patrios
396 1648 502 1691 munes
517 1648 595 1710 quse
610 1629 685 1689 mihi
699 1633 785 1688 terra
798 1633 921 1708 potens.

121 1709 216 1775 anon
229 1719 334 1773 tamen
345 1713 460 1793 hospes
475 1715 555 1793 eris,
574 1731 633 1773 nec
650 1713 710 1772 iam
724 1717 815 1793 potes
830 1711 946 1774 advena
962 1711 1040 1792 dici,

189 1796 284 1856 (iuius
297 1796 393 1857 habet
410 1796 527 1858 fratres
540 1803 589 1857 tot
605 1795 713 1857 dumus
728 1793 791 1856 alta
803 1795 901 1857 Remi.

143 1881 215 1942 lure
230 1886 283 1941 tuo
298 1879 474 1942 veneranda
486 1883 558 1942 novi
573 1888 648 1961 pete
661 1880 767 1941 limina
780 1878 907 1960 templi,

183 1963 319 2026 Reddita
332 1965 438 2025 Pierio
453 1971 525 2038 sunt
537 1967 590 2027 ubi
604 1962 721 2046 templa
736 1966 839 2025 choro.

141 2046 204 2112 Vel
218 2050 246 2109 si
260 2047 422 2127 malueris,
443 2051 542 2129 prima
556 2048 699 2128 gradiere
716 2049 853 2109 Subura:

100 2142 136 2195 1⁰
183 2133 273 2193 Atria
287 2138 360 2193 sunt
371 2131 459 2193 illinc
474 2132 608 2194 consulis
624 2132 686 2192 alta
700 2133 769 2192 mei.

141 2215 329 2295 Laurigeros
343 2217 462 2277 habitat
478 2216 627 2277 facundus
643 2214 741 2276 Stella
756 2221 901 2295 penates,

185 2298 296 2362 (llarus
311 2302 458 2361 lautheae
468 2299 568 2361 Stella
584 2301 687 2360 sititor
703 2317 809 2379 aquae.

139 2385 225 2446 Fons
239 2386 284 2446 ibi
298 2383 451 2446 Castalius
465 2387 566 2445 vitreo
581 2389 723 2445 torrente
737 2383 904 2463 superbus,

182 2468 274 2529 Unde
288 2488 398 2529 novem
414 2467 551 2530 dominas
568 2486 660 2549 saepe
674 2469 790 2530 bibisse
804 2467 919 2530 ferunt.

98 2551 197 2614 rsllla
213 2551 299 2614 dabit
311 2551 428 2634 populo
443 2555 644 2635 patribusque
661 2553 820 2632 equitique
834 2549 1014 2629 legendum,

181 2636 248 2697 Nee
260 2638 387 2697 nimium
403 2638 492 2698 siccis
504 2637 648 2720 perleget
660 2639 728 2717 ipse
743 2637 839 2714 genis.

139 2719 222 2796 Quid
235 2720 358 2781 titulum
373 2723 499 2803 poscis?
518 2739 625 2780 versus
640 2719 700 2779 duo
716 2726 819 2780 tresve
834 2716 995 2795 legantur,

185 2802 368 2865 Clamabunt
382 2824 488 2865 omnes
502 2811 552 2882 te,
574 2801 674 2880 liber,
694 2820 763 2863 ease
779 2820 888 2861 meum.

549 2937 600 2998 IV.

143 3050 233 3128 Quod
246 3050 360 3112 Flacco
375 3050 533 3129 Varioque
548 3051 609 3110 fuit
624 3066 802 3129 summoque
816 3048 940 3109 Maroni

182 3135 366 3212 Maecenas,
388 3136 482 3194 atavis
496 3136 622 3214 regibus
636 3141 721 3194 ortus
737 3151 849 3211 eques3

139 3219 293 3281 Gentibus
309 3225 342 3278 et
355 3217 477 3298 populls
491 3221 551 3279 hoc
566 3225 599 3280 te
613 3219 707 3296 mihi,
727 3216 835 3276 Prisce
851 3214 1000 3291 Terenti,

179 3302 276 3364 Fama
292 3304 389 3363 fuisse
404 3301 516 3381 loquax
532 3302 699 3380 chartaque
716 3299 800 3361 dicet
814 3321 897 3362 anus,

115 3387 194 3449 ὁΤι
207 3388 284 3448 iacis
298 3387 475 3465 ingenium,
495 3392 546 3464 tu,
568 3387 594 3445 si
610 3383 683 3463 quid
697 3404 789 3465 posse
800 3384 957 3458 videmur3

183 3472 233 3532 Tu
249 3470 303 3530 das
318 3471 470 3549 ingenuae
484 3473 532 3531 1ιιι
548 3471 623 3530 mihi
637 3470 793 3551 pigritiae.
