2370 3924
340 231 833 331 uriommmuonnnnu.
1061 235 1103 300 co

529 437 638 500 XLIV.

146 548 293 609 Occurrit
305 548 364 608 tibi
377 566 468 607 nemo
484 546 566 628 qaod
579 546 732 625 libenter,

143 630 251 711 Quod,
274 651 455 711 quacunque
469 633 573 709 venis,
595 632 668 710 fuga
684 640 733 691 est
746 638 780 692 et
792 630 902 711 ingens

143 716 236 776 (liroa
249 721 301 793 te,
320 715 490 793 Ligurine,
512 713 665 792 solitudo,

142 797 226 875 Quid
240 800 298 874 sit,
320 800 401 858 scire
417 800 525 878 cupis?
552 799 649 858 Nimis
663 805 757 877 poeta
771 817 815 863 es.

118 882 214 944 5Hoc
227 880 315 941 valde
329 882 436 942 vitium
449 881 658 962 periculosum
670 889 728 944 est.

142 966 213 1026 Nou
226 965 316 1043 tigris
331 964 441 1026 catulis
457 967 550 1026 citata
564 967 679 1046 raptis,

141 1049 213 1110 Nou
232 1048 336 1128 dipsas
351 1048 454 1109 medio
467 1056 595 1130 perusta
610 1047 694 1128 sole,

143 1133 209 1193 Nec
227 1133 272 1192 sic
287 1135 427 1213 scorpios
441 1135 599 1212 improbus
615 1134 753 1196 timetur.

143 1216 221 1276 Nam
235 1221 356 1292 tantos,
378 1235 472 1294 rogo,
495 1218 563 1294 quis
578 1217 663 1276 ferat
678 1214 824 1277 labores?

100 1301 296 1363 mutuanti
316 1298 397 1377 legis
412 1307 445 1369 et
457 1299 537 1378 legis
551 1299 692 1378 sedenti,
780 1302 782 1307 '

143 1383 292 1444 Currenti
304 1380 383 1462 legis
398 1390 431 1443 et
444 1383 523 1462 legis
538 1385 664 1444 cacanti.

142 1467 178 1526 ln
191 1468 328 1526 thermas
341 1468 442 1546 fugio:
465 1487 555 1527 sonas
570 1466 609 1526 ad
623 1486 738 1528 aurem.

142 1551 296 1611 Piscinam
309 1558 400 1631 peto:
422 1570 484 1610 non
498 1551 574 1611 licet
588 1557 708 1610 natare.

143 1633 194 1694 Ad
208 1653 313 1694 cenam
329 1654 481 1715 propero:
501 1641 591 1694 tenes
606 1640 739 1694 euntem.

100 1727 135 1779 15
143 1717 193 1778 Ad
207 1737 314 1778 oenum
330 1721 436 1779 venio:
457 1719 545 1797 fugas
560 1717 732 1795 sedentem.

144 1802 256 1879 Lassus
271 1801 406 1863 dormio:
429 1805 558 1863 suscitas
571 1805 734 1863 iacentem.

142 1886 216 1963 vn,
240 1892 386 1965 quantum
402 1887 496 1947 facias
511 1886 598 1963 mali,
620 1885 753 1947 videre?

142 1970 202 2031 Vir
215 1971 331 2048 iustus,
351 1972 483 2051 probus,
504 1966 654 2031 innocens
668 1969 798 2030 timeris.
824 1972 827 1979 '

538 2110 631 2172 XLV.

142 2221 275 2300 Fugerit
290 2240 328 2281 an
341 2221 487 2281 Phoebus
502 2240 622 2280 mensas
638 2239 806 2300 cenamque
822 2219 978 2298 Thyestae
1043 2293 1046 2298 .

185 2305 312 2383 lgnoro:
333 2305 466 2383 fugimus
480 2324 554 2382 nos,
576 2303 742 2383 Ligurine,
763 2311 855 2364 tuam.

142 2387 199 2447 llla
213 2387 339 2468 quidem
353 2388 437 2449 lauta
452 2394 501 2447 est
519 2387 710 2469 dapibusque
725 2391 877 2449 instructa
891 2386 1050 2467 superbis,

186 2471 251 2532 Sed
264 2471 343 2531 nihil
358 2473 481 2531 omnino
498 2478 530 2531 te
546 2473 698 2532 recitante
715 2471 829 2553 placet.

119 2554 225 2616 bNolo
241 2557 317 2615 mihi
331 2575 428 2634 ponas
444 2556 590 2616 rhombos
604 2555 769 2616 mullumve
785 2554 945 2632 bilibrem,

185 2639 251 2699 Nec
263 2637 332 2699 volo
348 2638 488 2717 boletos,
510 2646 614 2699 ostrea
631 2639 719 2704 nolo:
740 2646 818 2702 tace.

528 2773 635 2834 XLVI.

145 2881 252 2960 Exigis
267 2901 284 2941 a
298 2883 388 2942 uobis
404 2901 531 2962 operam
545 2883 612 2941 sine
632 2883 696 2941 flue
711 2886 854 2958 togatam.

185 2965 256 3025 Non
270 2983 326 3044 eo,
346 2965 495 3026 libertum
511 2964 568 3026 sed
582 2967 639 3026 tibi
653 2967 743 3025 mitto
757 2983 868 3025 meum.

142 3049 235 3128 „Non
253 3049 323 3110 est“
338 3050 442 3129 inquis
457 3049 594 3129 „idem.“
622 3048 724 3110 Multo
738 3047 809 3128 plus
824 3067 893 3108 esse
906 3049 1062 3128 probabo:

186 3132 246 3194 vix
261 3152 318 3212 ego
332 3133 477 3193 lecticam
496 3135 682 3212 subsequar,
706 3132 762 3193 ille
776 3133 870 3194 feret.

119 3216 179 3277 5111
196 3219 318 3276 turbam
332 3216 498 3296 incideris,
521 3237 635 3278 cuneos
650 3219 782 3277 umbone
797 3215 951 3297 repellet;

186 3299 354 3361 Invalidum
369 3307 418 3361 est
431 3303 520 3362 nobis
534 3303 761 3379 ingenuumque
774 3299 866 3362 latus.

143 3382 309 3461 Quidlibet
321 3385 355 3444 in
369 3404 460 3444 causa
473 3387 665 3463 narraveris,
685 3386 754 3464 ipse
769 3386 895 3445 tacebo:

186 3468 230 3527 st
244 3469 303 3528 tibi
317 3470 522 3548 tergeminum
536 3469 652 3548 mugiet
665 3466 721 3527 ille
739 3467 863 3550 sophos.
