2370 3924
315 235 656 301 EPIGRAMMATON
669 239 744 300 LIB.
758 239 811 303 IX.
1026 239 1090 304 219

495 413 631 503 nixu.

128 553 216 614 Haec
230 558 303 612 sunt
316 551 371 613 illa
388 555 450 613 mei
470 572 547 632 quae
563 555 692 614 cernitis
707 573 761 614 ora
776 554 920 631 Camoni,

171 637 259 696 Ilaec
272 639 363 716 pueri
376 637 472 698 iacies
486 640 647 718 primaque
662 638 762 698 forma
776 638 846 698 fuit.

129 722 281 782 Creverat
294 722 346 781 hie
359 722 460 783 voltus
474 723 522 782 bis
540 722 629 782 denis
644 723 758 782 fortior
773 723 860 782 annia

172 803 396 884 Gaudebatque
408 825 477 866 suas
491 807 622 884 pingere
638 808 733 867 barba
747 824 858 883 genas,

105 887 390 950 umbratusque]
405 909 537 950 summos
551 891 642 951 modo
660 909 796 970 purpura
811 886 928 949 cultros

172 971 345 1053 Sparserat.
373 972 486 1034 Invidit
500 973 539 1033 de
556 975 656 1034 tribus
671 993 732 1033 una
745 992 834 1033 aoror

126 1056 170 1118 ut
180 1056 336 1117 festinatis
350 1055 462 1117 incidit
478 1059 606 1117 stamina
619 1058 742 1138 pensis,
868 1129 873 1139 ⁸

171 1141 404 1219 Absentemque
419 1143 501 1220 patri
515 1138 640 1200 rettulit
655 1160 734 1199 urna
748 1158 864 1218 rogum.

128 1221 192 1284 Sed
206 1241 248 1283 ne
262 1223 328 1284 sola
342 1231 445 1284 tamen
459 1243 589 1305 puerum
602 1227 724 1304 pictura
737 1222 900 1302 loquatur,

82 1318 121 1370 10
168 1307 255 1368 Haec
269 1310 332 1368 erit
343 1309 376 1368 in
390 1309 506 1368 chartis
520 1309 617 1368 maior
630 1310 729 1386 imago
745 1309 831 1368 meis.

490 1441 641 1504 LXXVII.

128 1550 219 1631 Quod
233 1552 381 1632 optimum
395 1553 437 1610 alt
451 1551 587 1632 disputat
601 1554 772 1612 convivium

170 1633 317 1698 Facunda
332 1634 433 1694 Prisci
447 1638 574 1714 pagina,

128 1721 171 1782 Et
183 1718 279 1780 multa
294 1716 394 1796 dulci,
415 1718 511 1779 multa
526 1717 649 1779 sublimi
664 1720 782 1798 refert,

173 1802 236 1864 Sed
250 1808 360 1863 cuncta
374 1801 466 1863 docto
481 1810 619 1884 pectore.

106 1885 223 1966 bQuod
237 1888 384 1967 optImum
398 1887 440 1948 sit
454 1888 602 1966 quaeritis
617 1887 809 1948 couuviumt

171 1972 206 2032 In
221 1990 281 2050 quo
297 1968 459 2031 choraules
472 1991 535 2031 non
550 1973 620 2032 erit.

488 2120 650 2184 LXXVIII.

130 2233 255 2294 Funera
266 2237 339 2313 post
353 2238 472 2311 septem
489 2234 594 2312 nupsit
607 2233 664 2291 tibi
680 2231 768 2292 Galia
782 2232 932 2310 virorum,

173 2317 351 2376 Picentme:
373 2317 463 2394 sequi
478 2313 561 2393 volt,
582 2321 675 2395 puto,
698 2313 787 2375 Galla
801 2316 892 2374 viros.

504 2448 641 2511 LXXIX.
710 2505 712 2509 Α

133 2562 251 2623 Oderat
264 2569 336 2623 ante
351 2561 461 2623 ducum
478 2562 607 2624 famulor
622 2564 805 2639 turbamque
819 2561 956 2641 priorem

172 2648 215 2708 Et
228 2646 400 2707 Palatinum
416 2648 513 2707 Roma
526 2644 743 2727 supercilium:

128 2733 173 2791 At
186 2751 267 2790 nunc
282 2737 384 2792 tantus
400 2751 485 2790 amor
501 2732 635 2807 cunctis,
658 2730 815 2806 Auguste,
835 2732 959 2786 tuorum
974 2729 1041 2802 est,

173 2816 217 2876 Ut
230 2816 272 2875 sit
286 2817 397 2895 cuique
411 2833 485 2874 snae
499 2834 572 2874 cura
587 2812 723 2873 secunda
739 2810 855 2870 domus.

110 2900 211 2961 bTam
225 2896 366 2979 placidae
381 2905 519 2976 mentes,
541 2903 626 2957 tanta
641 2902 689 2957 est
701 2895 878 2956 reverentia
892 2893 1007 2969 nostri,

174 2983 252 3044 Tam
266 2990 374 3064 pacata
391 2984 496 3062 quies,
517 2989 620 3042 tantus
634 2983 667 3041 iu
682 2999 736 3040 ore
755 2978 864 3060 pudor.

130 3067 228 3128 Nemo
244 3087 315 3128 suos
331 3069 464 3128 —haec
481 3075 530 3128 est
545 3066 632 3127 aulae
647 3071 756 3126 natura
769 3062 907 3145 potentis
925 3096 979 3139 —-,

173 3150 239 3212 Sed
253 3151 369 3213 domini
383 3171 484 3212 mores
500 3152 702 3212 Caesarianus
717 3151 820 3211 liabet.

508 3285 630 3346 LXXX.

129 3373 268 3460 Duxerat
280 3400 421 3459 esuriens
435 3396 625 3477 locupletem
639 3414 758 3477 pauper
774 3409 944 3472 anumque}

173 3482 309 3543 Uxorem
323 3483 423 3564 pascit
437 3481 558 3544 Gellius
573 3485 606 3540 et
619 3480 723 3542 futuit.
