2370 3924
305 246 645 309 EPIGRAMMATON
658 247 732 309 LlB.
750 247 785 310 V.
1006 242 1067 308 107

81 404 205 485 5‚‚Sors
219 420 287 462 mea
302 420 391 481 quam
406 400 513 461 fratris
528 397 656 478 melior,
679 400 728 460 cui
745 405 806 459 tam
821 418 919 479 prope
934 399 981 460 fas
998 404 1048 459 est

150 488 309 564 Cernere,
331 491 392 544 tam
406 482 500 564 longe
515 502 607 564 quem
622 484 698 544 colit
712 482 770 544 ille
786 482 909 542 deum.“

524 618 575 680 lV.

103 735 224 797 Fetere
239 731 334 791 multo
348 728 486 809 Myrtale
502 729 583 790 solet
596 731 684 808 vino,

106 817 172 878 Sed
185 814 276 876 fallat
290 820 324 875 ut
338 833 412 889 nos,
434 813 508 874 lolia
524 812 651 874 devorat
664 812 744 873 lauri

106 902 293 980 Merumque
309 904 397 958 cauta
412 897 542 976 fronde,
563 917 625 957 non
640 917 716 974 aqua
730 899 848 958 miscet.

106 987 197 1046 Hanc
212 989 246 1043 tu
261 983 424 1042 rubentem
440 982 685 1061 prominentibus
702 982 790 1041 venis

84 1069 268 1145 5Quotiens
283 1067 407 1142 venire,
429 1064 542 1143 Paule,
564 1063 680 1124 videris
697 1070 820 1138 contra3

106 1155 198 1213 Dicas
213 1149 324 1211 licebit
340 1147 499 1228 „Myrtale
515 1150 594 1209 bibit
609 1147 763 1210 laurum.“

531 1283 568 1345 V.

107 1397 223 1473 Sexte,
244 1391 404 1454 Palatinae
419 1392 522 1453 cultor
536 1390 669 1452 facunde
684 1392 862 1471 Mineruae,

150 1479 277 1558 Ingenio
291 1477 405 1538 frueris
421 1478 472 1555 qui
485 1478 632 1556 propiore
648 1475 715 1550 dei3

107 1563 187 1628 Nam
201 1563 259 1622 tibi
273 1566 436 1621 nascentes
451 1559 567 1619 domini
582 1577 770 1638 cognoscere
786 1579 874 1619 curas

151 1649 194 1707 lat
209 1651 330 1706 secreta
345 1643 432 1704 ducis
447 1650 576 1724 pectora
590 1662 682 1704 nosse
697 1641 789 1703 licet:

84 1731 163 1796 nsit
175 1730 261 1791 locus
278 1735 311 1790 et
325 1729 440 1788 nostris
456 1726 558 1805 aliqua
574 1728 631 1788 tibi
645 1733 735 1808 parte
749 1725 886 1804 libellis,

154 1816 220 1891 Qua
234 1812 339 1890 Pedo,
362 1831 421 1892 qua
437 1812 560 1873 Marsua
577 1831 697 1891 quaque
714 1809 854 1872 Catullus
871 1811 943 1874 erit.

107 1898 159 1960 Ad
174 1898 343 1978 Capitolini
359 1894 505 1956 caelestia
519 1899 653 1956 carmina
669 1894 747 1957 belli

154 1981 280 2043 Grande
296 1981 472 2042 cothurnati
486 1999 568 2060 pone
582 1981 722 2041 Maronis
739 1999 824 2060 opus·

527 2123 577 2184 Vl.

109 2237 146 2298 Si
160 2255 223 2297 non
237 2241 287 2296 est
300 2253 392 2314 grave
407 2252 466 2294 nec
481 2234 571 2293 nimis
586 2232 766 2309 molestum,

108 2320 237 2397 Musae,
258 2319 459 2379 Parthenium
475 2323 583 2396 rogate
598 2324 746 2378 vestrum:

109 2404 165 2465 Sic
180 2410 212 2463 te
226 2404 328 2464 serior
343 2409 376 2462 et
389 2404 480 2462 beata
496 2401 649 2480 quondam

110 2486 202 2549 Salvo
218 2488 351 2548 Caesare
365 2487 453 2545 liniat
468 2491 612 2545 senectus

86 2573 156 2636 ant
170 2572 212 2631 sis
227 2570 340 2631 invidia
356 2571 479 2630 favente
493 2567 587 2647 felix,

111 2656 166 2715 Sic
181 2656 297 2715 Rurrus
313 2656 375 2714 cito
393 2655 507 2713 sentiat
519 2660 698 2733 parentem:

110 2739 265 2800 Admittas
280 2737 417 2799 timidam
431 2739 619 2816 brevemque
636 2735 773 2795 chartam

110 2824 197 2884 lntra
210 2822 316 2884 limina
331 2822 494 2882 sanctioris
510 2820 584 2879 aevi.

109 2907 201 2968 Nosti
216 2913 356 2986 tempora
371 2912 405 2966 tu
419 2904 498 2965 lovis
515 2904 636 2979 sereni,

68 2992 189 3056 rocam
203 2989 305 3069 fulget
320 2987 442 3069 placido
459 3006 577 3066 suoque
591 2984 694 3065 uoltu,

111 3076 180 3151 Quo
193 3073 240 3134 nil
254 3071 444 3154 supplicibus
459 3070 542 3133 solet
557 3089 682 3150 negare.

109 3159 181 3223 Non
197 3165 247 3219 est
262 3157 345 3238 quod
360 3163 478 3217 metuas
493 3173 605 3236 preces
618 3157 755 3236 iniquas:

110 3240 273 3321 Nunquam
289 3240 417 3321 grandia
432 3258 491 3300 nec
506 3236 637 3299 molesta
654 3239 755 3320 poscit

111 3326 199 3402 Quae
213 3325 308 3387 cedro
324 3323 470 3387 decorata
482 3339 680 3404 purpuraque

69 3410 215 3490 lelgris
229 3411 342 3491 pagina
357 3410 456 3470 crevit
470 3405 633 3468 umbilicis.

109 3492 178 3555 Nec
190 3495 370 3575 porrexeris
385 3495 460 3570 ista,
483 3490 539 3552 sed
554 3497 663 3550 teneto
