2346 3938
110 255 174 321 356
391 252 516 315 INDEX
529 251 880 315 ΕΡΙΙΙΙΙΑΜΜΛΤΟΝ.

108 411 178 460 Haec
190 407 254 458 mihi
272 421 338 469 quae
357 406 446 456 colitur
463 405 538 454 violis
556 404 655 469 pictura
667 404 784 468 rosisque
803 440 986 456 ......
1063 407 1145 470 1232.

108 480 178 528 Haec
192 491 257 540 quae
271 475 383 526 difficilis
401 482 485 540 turget
499 474 625 538 paganica
642 473 732 538 pluma
766 511 773 524 .
802 510 818 532 .,
838 510 984 525 .....
1024 475 1092 538 XIV,
1110 480 1146 530 45.

109 548 177 595 Haec
193 561 258 608 quae
273 544 374 594 Picenis
391 541 458 593 ven'it
474 543 597 593 subducta
615 546 720 610 trapetis
734 579 984 594 ........
1024 545 1093 607 XIII,
1107 547 1144 602 30,

108 615 177 665 Haec
193 629 258 677 quae
273 613 376 677 pulvere
391 613 515 676 dissipata
527 610 607 660 multo
632 647 985 663 ...........
1073 616 1093 677 l,
1108 617 1145 668 tt.

109 686 177 734 Haec
192 697 258 745 quae
274 697 350 746 saepe
366 681 430 731 solet
443 682 526 745 vinci,
542 695 607 743 quae
620 682 721 731 vincere
734 697 812 731 raro.
871 717 878 731 .
905 717 912 731 .
941 719 948 733 .
977 720 984 733 .
1007 683 1078 745 XIV,
1094 685 1145 739 213.

108 753 177 802 Haec
193 767 258 814 quae
274 759 328 801 tcta
342 759 412 815 patet
426 751 569 814 tegiturque
588 757 612 799 et
628 765 753 800 marmore
771 758 796 801 et
813 765 876 800 auro
905 786 912 801 .
941 789 948 801 .
977 789 984 802 .
1049 721 1093 815 u't,
1111 755 1146 806 20.

108 821 176 871 Haec
192 822 257 885 rapit
269 820 361 869 Antaei
374 818 472 868 velcx'
466 834 492 866 m
506 818 610 882 pulvere
626 820 735 870 draucus
770 855 984 871 .......
1026 822 1093 883 XIV,
1109 823 1145 876 48.

109 891 178 940 Haec
193 890 304 938 servavit
316 889 370 938 aris
382 887 490 951 Tarpeia
502 886 597 951 templa
612 888 732 937 Tonantis
773 924 983 940 .......
1034 891 1100 955 XIII,
1111 894 1147 946 74.

108 959 177 1008 Haec
193 965 251 1006 sunt
270 957 313 1006 illa
330 957 380 1006 mei
396 971 461 1019 quae
480 957 584 1005 cernitis
603 972 646 1005 ora
664 955 768 1006 Camoni
805 993 813 1006 .
838 993 844 1005 .
874 992 880 1006 .
904 994 911 1007 .
941 995 948 1008 .
977 997 983 1008 .
1052 962 1097 1021 ΙΙΙ,
1113 961 1148 1011 70.

109 1028 177 1076 Haec
192 1027 240 1074 tibi
255 1024 362 1074 brumali
378 1025 516 1090 gaudentia
527 1025 630 1089 ,frigore
645 1040 708 1090 rapa
733 1061 983 1077 ........
1027 1028 1095 1089 ΧΙΙΙ,
1114 1029 1147 1079 10.

109 1095 178 1146 Haec
193 1095 239 1143 tibi
258 1103 331 1143 erunt
348 1101 446 1142 armata
461 1108 507 1142 sno
523 1093 670 1158 graphiaria
688 1095 754 1144 ferro
768 1130 983 1146 .......
1024 1098 1096 1161 XIV,
1113 1098 1148 1148 tl.

109 1164 176 1214 llaec
193 1162 238 1211 tibi
254 1161 399 1226 Memphitis
415 1161 490 1211 tellus
509 1163 552 1211 dat
566 1176 682 1215 munera:
701 1164 768 1212 victa
784 1171 841 1212 est.
869 1199 876 1212 .
904 1199 911 1212 .
941 1201 948 1215 .
976 1202 983 1215 .
1017 1165 1088 1227 XIV,
1101 1167 1148 1217 150.

108 1233 178 1283 Haec
194 1232 241 1280 tibi
259 1230 393 1296 multipiici
406 1246 470 1294 quae
483 1238 579 1281 structa
596 1240 635 1281 est
650 1247 736 1282 massa
749 1232 843 1282 tabella
872 1267 878 1281 .
903 1267 911 1281 .
940 1270 947 1283 .
976 1271 982 1284 .
1016 1233 1086 1296 XIV,
1100 1235 1148 1286 tat.

109 1302 179 1352 Haec
196 1301 256 1361 tibi,
275 1300 404 1360 nonalia,
423 1306 461 1349 est
477 1301 510 1350 ad
528 1315 616 1350 cenam
635 1316 711 1350 causa
728 1301 838 1352 vocandi
871 1336 878 1350 .
903 1336 910 1350 .
940 1339 947 1352 .
975 1338 983 1352 .
1056 1272 1097 1364 IIl,
1114 1305 1149 1356 50.

109 1371 179 1421 Haec
196 1370 256 1429 tibi,
274 1369 402 1419 Palladiae
416 1383 461 1418 seu
477 1369 584 1419 collibus
601 1370 681 1418 uteris
696 1369 776 1419 Albae
806 1405 983 1423 ......
1080 1375 1110 1434 V,
1127 1375 1149 1424 l.

109 1441 179 1490 Haec
195 1440 242 1488 tibi
260 1454 306 1503 pro
325 1447 384 1487 nato
398 1438 474 1503 plena
492 1438 536 1488 dat
550 1439 632 1487 laetus
651 1453 737 1488 acerra
772 1475 779 1487 .
808 1475 815 1488 .
840 1474 846 1486 .
872 1473 878 1487 .
903 1474 910 1487 .
940 1476 947 1490 .
975 1478 982 1491 .
1054 1443 1096 1503 IV,
1112 1443 1149 1495 45.

109 1509 177 1558 Haec
194 1508 241 1557 tibi
260 1521 323 1570 quae
339 1507 422 1556 sontes
438 1515 463 1556 et
480 1522 601 1570 aquarum
619 1508 722 1558 nomina
738 1507 799 1557 dicit
836 1543 843 1556 .
871 1543 877 1555 .
904 1544 910 1556 .
940 1546 946 1558 .
975 1547 982 1560 .
1006 1509 1078 1573 XIV,
1096 1511 1149 1562 190.

109 1578 179 1626 Haec
193 1577 241 1624 tibi
257 1591 321 1639 quae
338 1583 405 1625 torta
420 1585 540 1625 venerunt
557 1576 660 1627 condita
677 1583 744 1626 meta
767 1611 981 1628 .......
1027 1578 1094 1641 XIII,
1110 1579 1148 1633 28.

109 1645 177 1696 Haec
191 1645 238 1694 tibi
254 1653 323 1694 sorte
339 1645 413 1693 datur
424 1646 555 1709 tergendis
571 1647 681 1711 spongia
695 1646 809 1695 mensis.
835 1681 841 1695 .
869 1680 876 1694 .
903 1682 910 1694 .
939 1685 947 1697 .
974 1685 982 1698 .
1005 1648 1079 1709 XIV,
1097 1649 1148 1702 144.

107 1714 176 1765 Haec
191 1714 237 1764 tibi
253 1715 352 1764 turbato
372 1711 499 1763 Canusina
515 1714 644 1763 simillima
662 1715 745 1764 mulso
772 1750 779 1763 .
803 1750 809 1764 .
834 1749 842 1764 .
869 1749 876 1762 .
903 1751 910 1762 .
939 1753 946 1766 .
974 1755 981 1766 .
1007 1717 1077 1777 XIV,
1096 1719 1149 1771 197.

108 1783 223 1834 Haedina
238 1785 285 1833 tibi
303 1782 370 1847 pelle
389 1785 533 1847 contegenti
565 1818 981 1835 .............
1038 1785 1092 1846 XII,
1110 1788 1148 1838 45.

109 1853 179 1903 Hanc
195 1853 243 1902 tibi
263 1852 389 1901 Cumanae
407 1853 573 1902 rubicundam
588 1851 692 1917 pulvere
709 1858 811 1901 testae.
838 1888 844 1900 .
870 1887 876 1900 .
903 1888 910 1900 .
939 1892 945 1903 .
974 1874 989 1905 .·
1008 1855 1078 1914 XIV,
1097 1856 1148 1908 114.

108 1922 178 1971 Hanc
191 1923 253 1980 tibi,
267 1920 358 1969 Fronto
371 1928 456 1983 pater,
472 1922 587 1985 genetrix
599 1919 729 1981 Flaccilla,
747 1921 875 1985 puellam.
903 1957 910 1970 .
939 1960 945 1972 .
974 1961 981 1973 .
1058 1925 1090 1983 V,
1110 1923 1147 1974 34.

108 1991 178 2039 Hanc
194 1991 243 2038 tibi
261 1987 417 2051 Sequanicae
433 1990 555 2053 pinguem
572 1990 686 2039 textricis
706 1990 833 2040 alumnam
868 2025 876 2039 .
902 2026 909 2038 .
939 2029 945 2041 .
975 2031 981 2042 .
1048 1993 1091 2051 lV,
1112 1992 1146 2042 19.

108 2060 180 2107 Hanc
195 2058 268 2118 volo,
286 2072 351 2119 quae
367 2057 465 2116 iacilis,
487 2072 551 2119 quae
569 2057 700 2122 palliolata
719 2067 842 2124 vagatur.
868 2096 874 2107 .
903 2096 909 2106 .
939 2099 945 2111 .
975 2099 981 2111 .
1047 2063 1092 2123 IX,
1109 2061 1145 2112 32.

108 2127 159 2177 Has
178 2143 235 2177 cum
253 2127 355 2191 gemina
372 2127 494 2191 compede
513 2128 614 2176 dedicat
632 2135 733 2178 catenas
767 2165 773 2177 .
803 2165 809 2176 .
836 2165 841 2176 .
871 2164 876 2176 .
902 2164 909 2176 .
939 2168 944 2179 .
974 2169 981 2180 .
1051 2132 1091 2190 ΠΙ,
1110 2130 1146 2180 99.

108 2197 248 2247 Herbarum
266 2196 349 2244 iueras
369 2197 487 2255 indutus,
503 2196 597 2261 Basse,
616 2197 715 2246 colores
739 2232 745 2245 .
772 2234 778 2246 .
806 2233 811 2245 .
837 2233 843 2245 .
869 2233 875 2245 .
902 2234 909 2246 .
938 2237 944 2248 .
974 2237 980 2249 .
1057 2201 1087 2257 V,
1106 2199 1143 2249 23.

108 2268 221 2316 Herculis
235 2267 261 2313 in
278 2266 364 2329 magni
377 2266 460 2314 voltus
478 2265 631 2315 descendere
647 2265 739 2315 Caesar
772 2303 779 2316 .
806 2303 811 2314 .
836 2302 842 2314 .
869 2302 875 2314 .
902 2303 908 2314 .
938 2304 944 2318 .
974 2307 979 2318 .
1048 2268 1088 2325 IX,
1105 2267 1142 2317 04.

108 2336 231 2384 Heredem
247 2349 304 2382 cum
319 2350 360 2381 me
374 2336 454 2398 partis
470 2336 528 2393 tibi,
547 2334 663 2395 Garrice,
682 2343 806 2396 quartae.
834 2372 840 2384 .
869 2371 875 2384 .
902 2371 908 2383 .
938 2373 944 2386 .
973 2376 979 2387 .
1048 2335 1089 2395 IX,
1106 2337 1141 2386 48.

108 2403 232 2452 Heredem
248 2403 338 2451 Fabius
356 2403 495 2451 Labienum
513 2420 544 2453 ex
563 2419 619 2453 asse
632 2404 734 2466 reliquit
762 2440 979 2456 .......
1039 2407 1092 2466 VH,
1105 2404 1140 2455 00.

108 2472 232 2520 Heredem
249 2471 295 2518 tibi
314 2486 369 2527 me,
389 2471 499 2532 Cat,ulle
516 2473 580 2520 dicis
601 2506 979 2525 ............
1038 2474 1117 2533 ΧΙΙ,7
1105 2473 1140 2524 73.

108 2540 232 2597 Heredes,
248 2538 326 2587 nolite
343 2539 444 2588 brevem
460 2541 568 2602 sepelire
587 2542 704 2589 colonum
728 2578 978 2593 ........
1046 2543 1087 2601 XI,
1107 2544 1140 2591 44.

108 2609 212 2657 Hermes
232 2608 321 2656 Martia
340 2608 434 2656 saeculi
449 2601 568 2672 voluptas
600 2645 977 2662 ............
1054 2614 1085 2670 V,
1103 2613 1140 2661 24

107 2677 279 2741 Hermogenes
294 2685 380 2726 tantus
398 2692 558 2741 mapparum,
575 2676 719 2740 †Pcntice,
736 2679 776 2728 fur
794 2688 873 2728 est
901 2715 907 2727 .
936 2717 942 2730 .
972 2719 978 2731 .
1033 2681 1087 2740 XII,
1104 2678 1140 2728 29.

106 2748 229 2796 Hesterna
247 2747 341 2795 factum
359 2754 486 2806 narratur,
505 2748 565 2796 Post
556 2754 638 2806 turne,
659 2763 720 2796 cena
730 2784 977 2800 ........
1059 2750 1088 2806 ΙΙ,
1106 2749 1141 2795 tt.

107 2816 231 2865 Hesterna
249 2816 295 2863 tibi
311 2824 383 2864 nocte
400 2816 545 2865 dixeramus
560 2852 977 2868 .............
1069 2820 1087 2875 Ι,
1105 2816 1140 2867 27.

107 2885 228 2934 Hesterno
245 2885 323 2932 fetere
341 2900 410 2933 mero
427 2886 470 2947 qui
485 2885 564 2934 credit
581 2886 700 2933 Acerram
729 2921 977 2937 ........
1068 2887 1087 2945 Ι,
1104 2885 1141 2934 28.

107 2953 283 3012 „Hexametris
298 2954 455 3018 epigramma
468 2954 549 3003 facis“
564 2955 617 3003 scio
637 2954 721 3003 dicere
733 2957 843 3004 Tuccam
866 2990 873 3003 .
900 2990 907 3003 .
935 2993 941 3005 .
970 2994 977 3006 .
1042 2956 1085 3014 Vl,
1104 2955 1140 3005 05.

106 3023 217 3070 Hiberna
231 3023 345 3082 quamvis
360 3023 450 3071 Arctos
464 3031 489 3072 et
505 3022 575 3071 rudis
589 3023 669 3072 Peuce
697 3059 977 3074 .........
1048 3025 1103 3084 VH,
1121 3024 1141 3070 7.

106 3091 230 3139 Hibernos
246 3098 361 3154 peterent
351 3091 451 3141 tsolito
470 3107 526 3141 cum
544 3107 614 3141 more
627 3107 744 3142 recessus
765 3128 977 3144 .......
1054 3095 1086 3153 V,
1105 3093 1141 3143 67.

106 3160 153 3208 HIc
169 3159 255 3208 brevis
269 3161 303 3208 ad
321 3176 437 3210 numeros
451 3162 566 3225 rapidum
583 3162 627 3224 qui
645 3161 743 3227 colligit
758 3176 870 3230 unguem
900 3198 906 3209 .
935 3199 941 3212 .
971 3200 977 3212 .
1000 3163 1069 3222 XIV,
1090 3158 1140 3211 199.

106 3230 218 3278 Hioerat
233 3227 275 3276 ille
292 3236 334 3277 tuo
353 3231 463 3278 domitus
469 3229 640 3295 ,Cyparisse,
660 3233 787 3311 capistro?
830 3269 836 3280 .
866 3267 872 3280 .
900 3267 906 3279 .
934 3268 941 3280 .
969 3269 977 3283 .
1018 3232 1086 3291 XIII,
1103 3229 1140 3279 96.

105 3299 153 3347 Hic
169 3297 232 3357 erit,
251 3296 424 3378 utperhibent
440 3301 569 3349 doctorum
585 3300 660 3349 corda
674 3302 804 3350 virorum.
899 3337 905 3349 .
934 3337 940 3350 .
971 3301 1070 3361 .X1V,
1092 3298 1140 3349 191.

105 3369 150 3416 Hic
166 3373 204 3415 est
216 3367 360 3429 pampineis
378 3369 465 3417 viridis
484 3371 559 3419 modo
575 3371 685 3419 Vesvius
700 3370 797 3419 umbris
830 3405 976 3418 .....
1046 3372 1089 3430 IV,
1106 3370 1141 3417 44.

106 3435 153 3484 Hic
168 3443 207 3485 est
224 3450 299 3497 quem
314 3435 379 3499 legis
399 3436 457 3497 ille,
479 3453 553 3500 quem
570 3440 679 3502 requiris
701 3474 977 3489 .........
1085 3440 1104 3497 Ι,
1122 3437 1141 3486 1.

105 3504 149 3553 Hic
168 3504 288 3553 festinata
306 3506 441 3570 requiescit
459 3506 564 3556 Erotion
580 3509 669 3557 umbra
699 3544 705 3557 .
731 3544 737 3557 .
766 3543 773 3557 .
800 3544 806 3557 .
835 3543 842 3556 .
867 3543 873 3557 .
898 3543 905 3555 .
934 3543 940 3557 .
969 3544 977 3558 .
1054 3507 1088 3567 X,
1106 3505 1133 3557 01
