2370 3924
379 681 425 756 ll.
450 679 550 751 VAL.
573 677 828 755 Maximus

293 849 966 948 llllltllllllllll‘

493 1029 718 1096 ιιιιιιιιιιι.

590 1217 604 1276 l

174 1335 285 1396 Sextus
298 1335 431 1394 mittitur
443 1332 495 1392 hic
512 1333 569 1391 tibi
582 1330 724 1410 libellus,

172 1419 207 1481 ln
221 1419 329 1499 primis
343 1418 418 1477 mihi
434 1435 505 1476 care
522 1414 691 1476 Martialis:

174 1505 271 1580 Quem
286 1505 311 1563 si
326 1501 455 1563 terseris
471 1518 543 1560 anre
559 1498 718 1577 diligenti,

57 1635 64 1647 .
173 1587 309 1649 Audebit
323 1587 421 1646 minus
436 1587 541 1645 anxius
555 1590 754 1662 tremensque

173 1673 301 1750 Magnas
316 1670 456 1731 Caesaris
470 1669 503 1727 in
518 1687 623 1727 manus
636 1667 752 1729 venire.

593 1800 627 1862 ll.

174 1917 272 1976 Lusus
289 1923 356 1974 erat
371 1933 475 1974 sacrae
493 1916 622 1973 conubia
636 1914 746 1976 lallare
761 1914 869 1996 tedae,
988 1929 990 1933 ’

216 2000 314 2059 Lusus
329 2005 361 2058 et
375 1999 546 2058 immeritos
563 2001 721 2059 execuisse
736 2019 845 2061 mares.

172 2083 311 2162 Utraque
327 2091 360 2143 tu
373 2082 536 2162 prohibes,
559 2083 689 2160 Caesar,
709 2082 893 2164 populisque
907 2084 1027 2147 futuris

216 2167 393 2244 Succurris,
414 2168 498 2226 nasci
514 2165 593 2245 quod
610 2167 677 2225 sine
691 2167 801 2228 fraude
814 2169 911 2228 iubes.

151 2250 240 2314 §Nec
251 2251 345 2331 spado
354 2254 423 2328 iam,
435 2269 493 2309 nac
504 2251 649 2309 moechus
662 2252 732 2328 erit,
746 2258 778 2311 te
784 2250 939 2331 praeside,
952 2254 1125 2336 quisquam

216 2336 257 2394 Aa
271 2337 373 2414 prius,
396 2355 413 2393 ο
429 2334 547 2393 mores!
570 2340 602 2392 et
618 2334 712 2414 spado
727 2337 872 2395 moechus
888 2343 966 2401 erat.

583 2467 630 2528 Ill.

174 2580 309 2640 Nascere
324 2579 477 2640 Dardanio
492 2582 673 2660 promissum
691 2601 802 2642 nomen
817 2579 900 2660 Iulo,

215 2665 298 2727 Vera
313 2662 401 2724 ‹lerim
419 2664 559 2725 suboles:
580 2685 725 2745 nascere,
747 2684 855 2744 magne
868 2684 963 2745 puer;

175 2751 231 2810 cai
247 2756 335 2829 pater
350 2757 491 2810 aeternas
505 2757 576 2830 post
592 2748 713 2809 saecula
728 2749 829 2810 tradat
842 2750 994 2828 habenas,

217 2835 337 2911 Quique
351 2853 441 2912 regas
456 2836 562 2893 orbem
577 2854 643 2893 cum
656 2834 779 2894 seniore
795 2852 898 2893 senex.

153 2918 244 2997 blpsa
257 2919 315 2976 tibi
329 2918 418 2977 niveo
434 2918 538 2976 trahet
554 2936 644 2976 aurea
661 2916 776 2998 pollice
790 2916 844 2978 illa

216 3001 258 3062 Et
270 3007 365 3060 totam
380 3001 487 3059 Phrixi
501 3000 576 3059 Iulia
591 3003 678 3061 nebit
692 3020 789 3064 ovem.
828 3000 831 3005 ’

583 3134 634 3197 lv.

175 3245 294 3305 Censor
308 3246 436 3304 maxime
451 3247 687 3326 principumque
702 3247 864 3327 prinecps,

177 3329 252 3388 Cum
267 3335 315 3389 tot
329 3330 388 3387 iam
403 3331 460 3389 tibi
478 3328 591 3390 debeat
604 3332 791 3409 triumphos,

175 3412 238 3471 'l'ot
251 3414 407 3473 nascentia
420 3412 554 3495 templa,
574 3420 622 3474 tot
635 3421 755 3495 renata,
