2346 3938
65 194 129 258 Μ
390 194 435 254 ‚ii
450 192 788 257 venissemus

506 395 671 457 mviii

149 514 235 590 Quos
248 515 381 590 cuperet
392 505 568 585 Phlegraea
580 527 654 567 suos
665 509 799 567 victoria
812 505 917 585 iudos,

190 595 295 657 indica
309 612 387 672 quor
401 598 534 671 wperet
545 611 675 671 pompa,
693 591 817 670 Lyuee,
839 599 923 670 tuor,

146 681 240 742 Fecit
253 677 455 758 Hyperborei
470 673 649 735 celebrator
661 674 764 735 Stella
777 677 943 758 triumphi,

190 766 218 823 0
235 761 351 843 pudor!
373 780 392 819 o
406 761 523 840 pietas!
544 766 579 818 et
592 765 682 838 putat
698 778 770 819 esse
784 780 903 840 perum.

127 849 219 910 5Non
232 845 284 906 illi
297 846 374 905 satir
392 852 442 904 ert
455 844 581 903 turbato
594 842 742 904 sordidus
756 862 833 904 auro

190 932 326 991 Hermus
340 936 374 988 et
387 928 543 1007 {lapario
558 928 613 1006 qui
625 935 717 988 nnat
729 929 808 988 orbe
824 928 937 1008 Tagus.

148 1017 257 1075 (imnis
270 1015 367 1072 habet
379 1032 435 1071 sua
450 1010 531 1071 douc
546 1011 633 1086 dies3
652 1030 713 1071 uec
725 1009 813 1073 lineu
827 1011 914 1073 dives

190 1100 320 1174 comt,
341 1104 375 1156 et
389 1097 424 1155 in
437 1094 583 1175 populum
598 1094 695 1155 multa
708 1097 817 1177 rapina
830 1096 924 1158 cedit.

147 1183 236 1243 Nunc
248 1183 378 1242 veniunt
393 1181 505 1240 subitis
517 1178 631 1239 lesciva
643 1180 826 1240 nomismata
840 1182 967 1261 nimbis,

106 1279 141 1330 lo
186 1267 276 1327 Nunc
290 1265 344 1326 det
358 1270 514 1345 spectatas
526 1270 649 1323 tessera
660 1263 748 1342 larga
758 1264 860 1343 feras,

146 1352 235 1412 Nunc
248 1348 382 1431 implere
395 1350 481 1408 sinus
494 1366 623 1408 securos
636 1347 752 1426 gendet
765 1356 799 1409 et
812 1350 926 1409 absens

189 1437 331 1496 Sortitur
347 1432 505 1508 dominos,
526 1450 568 1492 ne
584 1429 761 1510 iaceretur,
781 1434 854 1495 uvis.

147 1519 231 1597 Quid
243 1537 404 1579 numerem
419 1536 530 1576 currus
543 1522 596 1576 ter
609 1514 752 1595 denaque
766 1520 906 1598 praemia
919 1517 1018 1600 palmo

189 1605 275 1681 Quae
291 1603 367 1663 dare
381 1621 444 1661 nou
457 1618 583 1680 semper
596 1598 706 1660 consul
721 1606 854 1681 uterque
872 1603 975 1664 soleti

106 1689 256 1752 150mnia
269 1686 342 1765 sed,
363 1687 494 1762 caeru,
512 1691 601 1744 tauto
615 1697 803 1765 superantur
814 1688 952 1767 honore,

189 1771 281 1849 Quod
294 1777 503 1851 spectatorem
519 1776 552 1829 te
566 1776 619 1828 tua
632 1766 737 1829 laurus
751 1771 854 1834 habet.

514 1895 652 1957 LXXIX.

149 1996 265 2055 Omnes
279 2000 333 2053 aut
347 1989 467 2052 vetulus
482 1994 579 2054 hebes
594 1996 722 2070 amicas,

146 2080 208 2139 Ant
222 2087 330 2159 turpes
344 2076 519 2157 vetulisque
536 2077 704 2139 foediores.

145 2164 209 2223 Has
225 2164 311 2223 ducis
326 2163 455 2222 comites
471 2163 631 2240 trahisque
645 2170 748 2223 tecum

145 2249 208 2308 Per
224 2249 375 2325 convivia,
398 2248 553 2325 porticus,
575 2249 706 2308 theatra.

148 2334 198 2393 Sic
212 2332 364 2409 formosa,
385 2329 530 2404 Fabulla,
552 2332 597 2389 sic
610 2328 716 2411 puella
730 2350 772 2392 es.

519 2457 639 2518 LXXX.

147 2555 330 2614 Sanctorum
346 2556 435 2615 nobis
450 2555 599 2615 miracula
614 2556 721 2617 reddis
735 2577 877 2632 avorum,

189 2638 252 2698 Nec
266 2641 401 2718 pateris,
425 2641 555 2718 Caesar,
578 2639 700 2701 saecula
716 2644 901 2720 sammoni,

146 2724 223 2783 Onm
238 2730 362 2784 veteres
377 2723 484 2784 Latiae
501 2726 581 2783 ritus
595 2731 783 2784 renovantur
797 2727 934 2786 harenae

186 2809 228 2868 nt
242 2816 361 2888 pugnet
375 2811 472 2869 virtus
487 2806 677 2888 simpliciore
692 2829 791 2869 mann.

146 2893 197 2952 Sic
212 2895 325 2972 priscis
340 2900 478 2954 serratus
493 2894 591 2951 honos
608 2899 639 2952 te
654 2893 798 2972 praeside
812 2892 955 2973 templis,

186 2978 228 3036 Et
244 2997 313 3036 casa
330 2984 392 3037 tam
407 2974 490 3034 culto
507 2977 563 3035 snb
578 2977 648 3036 iove
663 2997 777 3037 numen
794 2979 905 3052 habet3

148 3060 199 3120 Sic
215 3079 293 3119 nova
309 3060 379 3119 dnm
396 3058 522 3136 condis,
543 3077 688 3139 revocas,
711 3063 868 3141 Auguste,
889 3061 991 3142 priora

186 3145 348 3203 Debentur
366 3162 443 3223 quae
459 3150 530 3203 sunt
550 3163 690 3224 quaeque
705 3146 796 3207 fuere
811 3147 879 3207 tibi.

511 3256 647 3320 LXXXI.

143 3353 212 3413 Non
229 3371 287 3432 per
301 3355 429 3432 mystica
444 3373 530 3414 saera
545 3354 770 3434 Dindymenes,

143 3436 207 3497 Nec
219 3455 278 3517 per
291 3435 428 3499 Niliacae
442 3440 552 3501 bovem
565 3441 729 3519 iuvencae,
