2370 3924
90 231 155 294 30⁶
417 232 463 295 Μ.
479 231 571 294 VAL.
586 230 812 294 MARTIALIS

175 385 217 443 Et
230 385 343 443 tinctas
358 381 422 443 sole
435 384 598 462 pruriente
615 384 736 443 chartas

175 468 305 527 Instanti
321 467 392 544 lege
406 466 504 541 Rufe;
524 465 581 526 sed
594 465 701 545 puella

154 551 226 613 ssit
241 557 344 610 tecum
357 558 425 627 tua,
447 568 488 609 ne
503 549 700 610 talassionem

175 633 294 694 Indicas
310 634 448 694 manibus
463 631 640 694 libidinosis

173 720 216 778 Et
230 719 286 778 iias
301 719 369 778 sine
385 717 500 776 femina
513 719 654 786 maritus.

558 850 665 913 XCVI.

176 966 254 1025 Cum
269 963 328 1023 tibi
342 969 415 1022 nota
430 963 475 1021 tui
491 963 532 1021 sit
546 962 608 1022 vita
621 960 763 1041 fidesque
777 963 896 1042 mariti,

215 1047 281 1106 Neo
295 1052 416 1127 premat
429 1043 493 1104 ulla
506 1051 576 1105 tuos
591 1043 780 1106 sollicitetve
793 1051 896 1125 toros,

175 1129 257 1207 Quid
271 1131 357 1209 qnasi
371 1127 535 1210 pellicibus
550 1131 707 1208 torqueris
719 1131 827 1209 inepta
841 1131 1010 1213 ministris,

217 1215 252 1274 ln
266 1215 376 1293 quibus
392 1220 425 1272 et
437 1213 542 1272 brevis
557 1219 607 1272 est
620 1218 654 1273 et
666 1213 794 1292 fugitiva
808 1213 939 1276 Venus?

154 1297 249 1360 5Plus
264 1298 322 1357 tibi
338 1316 427 1377 quam
443 1295 566 1356 domino
580 1316 694 1376 pueros
708 1303 869 1376 praestare
883 1301 1040 1379 probabo:

216 1382 258 1440 Hi
272 1381 403 1457 faciunt,
425 1386 461 1440 ut
476 1382 518 1440 sis
533 1380 646 1440 femina
661 1379 727 1440 sola
738 1382 814 1441 viro.

173 1466 217 1525 Hi
232 1464 307 1524 dant
322 1463 404 1543 quod
417 1483 480 1523 non
494 1466 539 1523 vis
554 1483 630 1524 uxor
647 1463 730 1526 dare.
760 1464 828 1542 „llo
842 1468 986 1544 tamen,“
1000 1470 1106 1550 inquis,

216 1549 284 1627 „Ne
299 1567 391 1627 vagus
406 1568 423 1607 a
437 1547 578 1607 thalamis
594 1549 732 1627 coniugis
747 1554 834 1608 erret
849 1551 967 1609 amor.“

173 1632 243 1693 Non
257 1631 366 1692 eadem
381 1650 433 1692 res
448 1636 512 1691 est:
532 1631 640 1691 (lhiam
654 1631 740 1710 volo,
763 1629 836 1691 nolo
849 1634 1023 1695 maniacam.

134 1727 167 1777 10
215 1718 261 1775 Ne
277 1714 400 1776 dubites
415 1733 492 1794 quae
508 1715 549 1774 sit
564 1714 658 1793 cuia,
679 1716 809 1775 marisoa
824 1721 877 1775 tua
892 1723 951 1778 est.

175 1801 263 1861 Scire
279 1819 349 1858 suos
364 1801 443 1858 fines
458 1805 597 1858 matrona
612 1806 645 1857 et
658 1799 773 1859 femina
789 1797 898 1859 debet:

217 1882 303 1944 Cede
319 1903 371 1942 sua
385 1884 506 1962 pueris,
528 1889 617 1941 utere
635 1889 725 1962 parte
739 1888 800 1942 tua.

552 2016 673 2078 XGVll.

174 2125 259 2184 Uxor
275 2146 342 2184 cum
356 2126 415 2185 tibi
431 2128 471 2184 sit
484 2125 606 2205 puella,
629 2125 752 2204 qualem

175 2209 264 2269 Votis
278 2211 327 2269 vix
341 2215 428 2289 petat
444 2211 593 2289 improbis
610 2211 754 2286 maritus,

174 2293 284 2369 Dives,
305 2292 436 2370 nobilis,
459 2292 596 2370 erudita,
619 2301 718 2371 casta,

173 2378 317 2456 Rumpis,
338 2378 448 2454 Basse,
470 2375 566 2454 latus,
590 2376 692 2442 sedin
708 2377 851 2454 comatis,

152 2460 288 2520 5Uxoris
304 2462 361 2519 tibi
376 2460 449 2520 dote
465 2480 540 2540 quos
555 2462 679 2539 parasti.

173 2544 214 2602 lit
229 2544 273 2602 sio
290 2542 328 2602 ad
343 2541 495 2602 dominam
510 2562 635 2602 reversa
649 2543 774 2622 languet

174 2626 278 2685 Multis
294 2628 429 2687 mentula
443 2626 565 2687 milibus
581 2626 757 2707 redempta3

177 2710 261 2786 Quae
276 2730 334 2769 nec
350 2715 474 2771 vocibus
490 2713 621 2770 excitata
635 2709 772 2787 blandis,

174 2793 268 2854 Molli
283 2795 399 2874 pollice
414 2815 472 2855 nec
489 2803 595 2873 rogata
610 2795 717 2871 surgit.

135 2878 221 2938 rosit
236 2879 361 2938 tandem
375 2878 493 2960 pudor,
513 2885 565 2937 aut
580 2897 683 2937 eamus
698 2878 731 2935 in
746 2879 803 2939 ius.

174 2961 243 3021 Non
258 2969 306 3021 est
321 2965 397 3023 haee
413 2969 479 3040 tua,
500 2962 610 3022 Basse:
632 2959 808 3021 vendidisti.

540 3094 673 3155 xcvlss.

173 3205 277 3265 Baetis
292 3206 433 3267 olivifera
447 3211 564 3268 crinem
578 3207 722 3267 redimite
738 3227 865 3282 corona,

215 3291 318 3349 Aurea
334 3293 385 3368 qui
399 3292 505 3350 nitidis
520 3291 638 3351 vellera
651 3293 744 3369 tingis
761 3292 864 3370 aquis3

174 3373 271 3449 Quem
285 3375 442 3450 Bromius,
458 3394 548 3452 quem
563 3374 664 3434 Pallas
679 3382 775 3449 amat;
797 3377 846 3434 oni
862 3380 971 3435 rector
983 3395 1122 3456 aquarum

213 3455 324 3517 Albula
338 3459 514 3536 navigerum
528 3477 586 3538 per
600 3460 682 3518 freta
695 3458 803 3539 pandit
815 3460 892 3518 iter:
