2370 3924
29 218 98 286 ‚138
357 218 401 280 Μ.
417 216 509 279 VAL.
526 215 751 277 MARTIALIS

122 373 271 433 Omnibus
286 369 424 448 arrides,
446 367 576 429 dicteria
590 366 667 428 dicis
681 369 714 427 in
729 387 851 444 omnes3

164 455 215 516 Sic
230 461 263 514 te
278 454 433 514 convivam
446 471 538 532 posse
552 449 677 532 placere
690 459 789 532 putas.

99 542 165 602 adt
179 540 206 599 si
225 556 282 617 ego
297 557 359 597 uon
372 535 473 614 belle,
495 535 551 596 sed
564 553 638 597 rere
654 535 761 596 dixero
778 537 943 618 quiddam,

131 633 137 647 ·
161 621 258 683 Nemo
274 622 466 703 propinabit,
488 617 680 698 Calliodore,
699 621 765 681 tibi.

510 752 603 815 XLV.

121 868 267 945 Luraisti,
290 868 364 926 satis
379 871 444 926 est:
465 864 571 926 lascivi
587 866 694 925 nubite
709 865 816 925 cunnir

163 952 319 1011 Permissa
334 957 382 1010 est
396 951 486 1009 nobis
500 968 562 1009 non
579 950 640 1009 nisi
654 954 738 1009 casta
751 947 868 1010 Venus.

121 1035 207 1095 llaec
222 1041 270 1094 est
285 1038 369 1094 casta
383 1033 512 1095 Venus?
530 1034 620 1093 nubit
633 1032 777 1093 Laetoria
792 1031 919 1112 Lygdus

163 1118 300 1198 Turplor
314 1136 389 1177 uxor
405 1117 483 1192 erit,
504 1135 592 1196 quam
607 1115 697 1176 modo
712 1116 840 1176 moecha
853 1116 924 1179 luit.

501 1250 609 1314 XLVI.

120 1362 255 1445 Vapulat
270 1361 390 1423 assiduo
405 1363 509 1421 veneti
524 1359 670 1439 quadriga
683 1334 834 1441 llagello,¹

162 1446 227 1510 Neo
243 1448 355 1508 currit:
375 1465 513 1524 magnam
526 1462 608 1523 rem,
630 1444 776 1523 catione,
797 1445 882 1507 facis,

498 1577 618 1640 XLVII.

120 1696 276 1776 Nympha,
297 1696 358 1755 mei
374 1692 491 1755 Stellae
508 1712 585 1772 quae
599 1693 687 1753 fonte
702 1690 870 1754 domestica
883 1713 964 1776 puro

163 1780 290 1838 Laberis
305 1785 338 1838 et
353 1777 469 1837 domini
483 1796 620 1856 gemmea
633 1783 717 1837 tecta
731 1778 831 1856 subis,

123 1863 195 1923 Sive
210 1861 324 1921 Numae
340 1863 471 1921 coniunx
487 1862 612 1921 Triviae
626 1867 659 1919 te
674 1862 757 1920 misit
773 1864 809 1921 ab
825 1862 939 1941 antris,

166 1945 237 2004 Siue
253 1946 454 2004 Camenarum
469 1944 508 2004 de
523 1964 618 2024 grege
632 1964 713 2004 nona
726 1946 827 2004 renis:

100 2025 247 2093 tExolvit
260 2029 339 2088 rotis
353 2028 411 2087 hac
426 2047 459 2088 se
475 2030 532 2089 tibi
546 2029 665 2108 virgine
680 2048 774 2108 porca

163 2113 304 2190 Marcus,
325 2112 468 2172 furtivam
485 2112 567 2191 quod
581 2113 660 2173 bibit
677 2130 769 2190 aeger
786 2133 903 2192 aquam.

122 2197 171 2256 Tu
187 2202 332 2256 contenta
346 2215 413 2256 mco
429 2198 488 2255 iam
506 2197 634 2256 crimine
649 2194 757 2274 gaudia
771 2196 867 2258 fontis

163 2281 207 2339 Da
223 2299 332 2340 secura
350 2282 410 2339 tui:
434 2282 475 2339 sit
489 2281 563 2339 mihi
578 2299 651 2339 sana
665 2281 741 2340 sitis.

486 2413 618 2475 XLVIII.

121 2521 210 2598 Quod
224 2529 285 2583 tam
302 2523 417 2603 grande
435 2525 548 2604 sophos
564 2522 675 2585 clamat
688 2527 745 2586 tibi
761 2528 851 2587 turba
865 2533 987 2608 togata,

164 2606 232 2666 Non
246 2614 296 2687 tu,
318 2608 484 2688 Pomponi,
507 2625 582 2667 cena
597 2606 714 2670 diserta
726 2616 779 2670 tua
793 2617 851 2674 est.

506 2756 610 2818 XLIX.
720 2799 724 2806 ,

121 2868 190 2930 Non
206 2888 271 2930 sum
287 2870 325 2931 de
340 2869 444 2949 fragili
459 2869 579 2932 dolatus
594 2870 694 2950 ulmo,

120 2951 185 3012 Nec
201 2973 278 3030 quae
294 2960 355 3013 stat
369 2952 469 3032 rigida
483 2957 591 3035 supina
604 2976 697 3035 vena,

120 3033 167 3095 De
181 3034 264 3114 ligno
280 3037 355 3096 mibi
369 3035 508 3114 quolibet
523 3037 661 3100 columna
676 3045 740 3119 est,

121 3117 184 3179 Sed
197 3121 263 3179 vlva
279 3126 425 3198 generata
440 3118 479 3179 de
494 3141 657 3201 cupressu:

98 3202 208 3279 aquae
223 3221 281 3263 nec
296 3201 415 3264 saecula
431 3206 569 3266 centiens
583 3216 725 3288 peracta,

121 3284 186 3346 Nec
199 3284 311 3365 longae
326 3289 438 3347 cariem
453 3291 542 3350 timet
557 3299 710 3356 senectae.

122 3369 209 3429 Hanc
223 3376 273 3449 tn,
297 3371 433 3449 quisquis
450 3392 499 3451 es,
522 3375 668 3454 omalus,
690 3377 807 3438 timeto.

122 3452 197 3514 Nam
212 3455 239 3514 si
252 3454 302 3515 vel
318 3456 458 3517 minimos
472 3478 562 3519 manu
577 3461 680 3540 rapaci
