2370 3924
88 207 131 272 36
411 205 457 269 Μ.
472 206 565 270 VAL.
581 203 808 270 monuistis

173 359 268 419 Paret
281 358 447 439 purpureis
462 375 537 437 aper
552 356 712 435 capistris3

174 442 299 523 Turpes
313 440 424 501 esseda
440 439 524 520 quotl
537 440 609 499 trah
630 444 665 498 nt
677 440 818 501 bisontes

172 525 216 588 Et
229 524 340 586 molles
354 524 430 585 dare
444 525 528 584 iussu
543 459 629 602 quol
641 523 771 583 choreas

132 610 268 689 loNigro
280 608 374 671 belua
388 627 451 668 non
464 614 558 687 negat
572 607 737 685 magistro:

173 694 250 771 Quis
264 690 440 774 spectacula
453 711 516 751 non
530 696 621 772 putet
636 690 786 752 deorum?

172 778 260 838 Haec
275 777 388 837 transit
401 782 520 852 tamen,
541 781 576 835 ut
589 776 725 855 minora,
747 775 887 856 quisquis
943 781 947 788 '

172 861 312 923 Venatus
324 857 457 920 humiles
472 858 558 920 videt
571 857 716 939 leonum,

174 946 258 1021 Quos
272 942 362 1005 velox
375 944 518 1025 leporum
532 945 625 1004 timor
639 943 757 1023 fatigat.

90 1046 94 1051 ’
132 1029 356 1108 lillimittunt,
378 1034 526 1109 repetunt
545 1033 707 1107 amantque
722 1035 828 1112 captos

173 1114 216 1173 Et
230 1114 370 1173 securior
386 1114 482 1173 estin
498 1130 552 1172 ore
567 1111 701 1193 praeda,

173 1196 274 1257 Laxos
290 1197 340 1256 cui
354 1195 429 1257 dare
444 1197 631 1277 perviosque
644 1197 742 1258 rictus

175 1278 320 1341 (iaudent
334 1286 367 1341 et
380 1278 506 1341 timidos
521 1285 632 1340 tenere
647 1278 776 1359 dentes,

174 1361 307 1425 Mollem
320 1363 466 1443 frangere
483 1363 554 1424 dum
568 1362 666 1444 pudet
684 1366 838 1444 rapinam,

130 1447 284 1510 nostratis
299 1467 367 1508 cum
380 1446 471 1508 modo
485 1448 628 1507 venerint
641 1448 788 1510 iuvencis.

174 1532 260 1592 Haec
278 1530 442 1593 clementia
456 1551 518 1592 non
531 1536 659 1612 paratur
673 1538 755 1611 arte,

173 1615 237 1677 Sed
253 1623 368 1678 norunt
387 1619 436 1678 cui
450 1617 586 1678 serviant
598 1612 718 1678 leones.

578 1749 642 1811 GV.

175 1862 210 1922 ln
225 1861 443 1939 Nomentanis,
464 1859 570 1938 Ovidi,
594 1859 677 1938 quod
690 1861 827 1921 nascitur
842 1861 932 1942 arvis,

215 1946 347 2025 Accepit
360 1945 504 2024 quotiens
520 1950 661 2025 tempora
675 1944 766 2023 longa
781 1963 915 2025 merum,

172 2029 266 2090 Exuit
280 2047 393 2089 annosa
408 2048 510 2090 mores
524 2048 698 2108 nomenque
713 2036 839 2091 senecta

214 2113 256 2176 Et
272 2112 421 2193 quidquid
435 2112 550 2194 voluit,
572 2119 652 2174 testa
666 2120 793 2174 vocatur
808 2132 892 2175 anus,

570 2248 648 2311 cvl.

170 2360 346 2442 Interponis
361 2378 469 2440 aquam
484 2358 631 2438 subinde,
652 2358 752 2437 Rufe,

171 2445 213 2504 Et
228 2446 255 2504 si
271 2446 393 2523 cogeris
408 2465 425 2503 a
440 2442 562 2521 sodale,
585 2463 686 2503 rarum

170 2527 269 2588 Diluti
285 2529 364 2589 bibis
378 2529 498 2588 unciam
510 2526 649 2592 Falerni.

170 2610 326 2691 Numquid
342 2609 482 2692 pollicita
497 2612 617 2672 esttibi
634 2611 755 2672 beatam

151 2696 303 2756 5Noctem
317 2696 432 2757 Naevia
446 2696 628 2776 sobriasque
641 2695 736 2756 maris

171 2780 285 2841 Certae
298 2782 453 2861 nequitias
468 2780 654 2841 fututionisi

171 2863 330 2945 Suspiras,
350 2867 483 2944 retices,
502 2866 614 2943 gemis:
636 2864 769 2942 negavit.

172 2949 308 3008 Crebros
324 2967 399 3027 ergo
414 2947 490 3008 licet
504 2949 591 3008 bibas
605 2949 739 3007 trientes

65 3073 69 3079 ·
170 3031 213 3093 Et
228 3029 338 3093 durum
350 3030 471 3110 iugules
485 3049 571 3090 mero
589 3029 738 3092 dolorem.

29 3112 34 3124 '
129 3125 165 3177 10
172 3114 253 3191 Quid
268 3116 371 3195 parcis
388 3115 465 3193 tibi,
486 3113 591 3176 Rufe?
614 3111 828 3174 dormiendum
842 3117 901 3174 est.

565 3248 657 3312 cvii.

172 3359 272 3440 Saepe
288 3359 364 3420 mihi
379 3358 474 3437 diois,
492 3358 570 3420 Luci
589 3359 747 3420 carissime
763 3357 838 3438 luli,

213 3443 345 3523 „Scribe
364 3441 482 3523 ahquid
495 3462 650 3523 magnum:
672 3442 846 3505 desidiosus
860 3444 952 3504 homo
969 3440 1037 3506 es.“
