2370 3924
258 218 598 281 EPIGRAMMATON
608 220 684 286 LlB.
698 223 748 286 XI.
962 224 1025 291 273

444 371 563 434 LXVII.

56 482 119 546 'Nil
134 483 210 544 mihi
225 483 278 543 das
292 485 395 559 virus3
417 482 495 544 dicis
510 490 583 566 post
598 486 663 546 fata
680 483 831 546 daturum.

110 567 221 628 Sinon
236 586 270 628 es
285 565 415 646 stultus,
431 569 513 647 scis,
534 569 642 648 Maro,
664 569 739 649 quid
754 572 883 650 cupiam.

435 700 569 763 LXVIll.

63 800 163 862 Parra
179 819 270 879 rogas
286 799 575 879 magnos31ednou
593 798 666 861 daut
680 802 758 861 haec
776 821 898 881 quoque
911 807 1023 886 magui,

108 885 152 945 Ut
166 884 281 964 pudeat
295 882 394 944 levius
408 890 458 961 te,
479 884 607 961 Matho,
629 903 736 962 magua
750 903 834 962 roga.

450 1016 556 1077 LXIX.

64 1114 353 1194 Amphitheatrales
367 1117 452 1176 inter
465 1116 583 1175 nutrita
597 1116 760 1193 magistros

107 1198 272 1276 venatrix,
295 1198 381 1260 silvis
396 1217 518 1279 aspera,
541 1196 654 1258 blanda
669 1197 767 1275 domi,

63 1279 164 1362 Lydia
179 1280 320 1359 dicebar,
344 1282 466 1343 domino
480 1281 627 1342 fidirsima
640 1281 773 1358 Dextro,

109 1367 168 1443 Qui
182 1385 245 1426 uon
260 1364 534 1444 Erigonesmollet
548 1367 664 1425 hahere
679 1384 803 1443 canem,

39 1449 132 1513 5Nec
149 1450 202 1528 qui
216 1449 343 1511 Dictaea
359 1449 530 1531 Cephalum
547 1447 695 1528 degente
713 1455 837 1510 secutus

107 1532 273 1594 Luciferae
286 1535 406 1615 pariter
421 1535 506 1594 venit
522 1531 560 1592 ad
575 1540 658 1593 astra
673 1532 759 1593 deae.

63 1617 134 1678 Nou
148 1616 302 1696 molonga
318 1616 457 1678 diceneo
472 1615 590 1677 inutilis
605 1613 734 1677 abstulit
749 1622 850 1696 aetas,

108 1698 218 1778 Qualia
232 1700 374 1761 Dulichio
391 1701 455 1762 fata
468 1701 557 1760 fuere
575 1702 650 1761 caui.

62 1782 227 1846 Fulmineo
246 1787 415 1866 spumantis
430 1786 579 1864 aprinum
594 1783 689 1846 deute
703 1792 882 1866 perempta,

16 1880 57 1934 10
108 1870 247 1945 Quantus
262 1876 349 1947 erat,
371 1868 526 1948 Calydon,
550 1873 620 1946 aut,
641 1869 848 1948 Erymanthe,
870 1877 949 1932 tuus.

62 1952 130 2014 Nec
147 1972 262 2031 queror
277 1953 415 2013 infernas
430 1953 566 2031 quamvis
581 1953 643 2012 cito
662 1960 750 2032 rapta
765 1955 821 2013 sub
839 1956 978 2015 umbras:

106 2036 176 2097 Nou
191 2039 279 2118 potui
292 2037 357 2098 fato
371 2037 525 2097 nobiliore
543 2036 630 2096 mori.

458 2151 550 2211 Lxx.

64 2246 231 2326 Vendere,
254 2247 374 2326 Tucca,
394 2252 484 2327 potes
500 2249 639 2307 contenis
655 2247 777 2308 milibus
792 2249 936 2328 emptos?

108 2329 274 2392 Plorantes
289 2330 429 2391 dominos
445 2328 599 2409 rendere,
622 2331 742 2409 Tucca,
761 2333 874 2412 potes?

62 2414 131 2475 Nec
147 2421 180 2475 te
194 2412 379 2492 blanditiae,
402 2433 460 2473 neo
475 2416 569 2474 verba
582 2413 714 2476 rudesve
730 2415 904 2496 querellae,

106 2497 220 2559 Necte
236 2498 331 2559 deute
345 2505 398 2558 tuo
415 2500 516 2558 saucia
530 2496 611 2558 colla
626 2501 772 2560 movent?

34 2584 116 2646 arth
131 2583 265 2642 facinus!
280 2584 384 2643 tunica
397 2589 485 2662 patet
499 2584 613 2660 inguen
626 2585 781 2662 utrimque
796 2583 915 2663 levata,

108 2666 328 2745 Aspiciturque
343 2673 395 2727 tua
410 2665 546 2726 mentula
559 2667 640 2726 iacta
654 2687 752 2727 mauu.

62 2750 99 2811 Si
116 2756 150 2809 te
166 2749 300 2810 delectat
314 2756 473 2810 numerata
486 2751 631 2829 pecunia,
652 2749 751 2810 vende

108 2833 453 2912 Argentumsmenaas,
474 2834 627 2909 murrina,
647 2852 735 2910 rura,
756 2832 895 2909 domum3

62 2915 178 2980 Vende
192 2936 284 2978 senes
300 2936 421 2996 servor,
443 2919 623 2994 ignoscent,
645 2915 744 2976 vende
758 2923 921 2996 paternos;

10 3015 52 3067 10
106 2999 155 3060 Ne
169 3019 284 3080 pueros
299 3001 429 3079 vendas,
452 3003 552 3059 omnia
567 2998 666 3060 rende
681 3002 785 3063 miser.

59 3084 366 3145 Luxuriaestemere
374 3084 565 3163 hc,-quis
575 3086 656 3143 enim
664 3083 820 3144 dubitatve
828 3085 1020 3163 negatur?-

107 3167 173 3227 Sed
186 3167 283 3228 multo
299 3170 396 3229 maior
410 3166 545 3228 vendere
562 3167 681 3227 luxuria
696 3175 753 3233 est.

453 3285 557 3345 LXXI.

58 3383 263 3462 Hystericam
278 3384 380 3444 vetulo
396 3404 429 3445 se
445 3383 565 3444 dixerat
578 3402 647 3444 esse
661 3385 771 3446 marito

105 3467 150 3527 Et
166 3470 308 3546 queritur
322 3469 402 3529 futui
416 3468 501 3529 Leda
515 3486 644 3528 necesse
659 3470 736 3545 sihi3

56 3551 173 3614 Maur.
789 3551 831 3615 ih
