2370 3924
333 644 379 719 bl.
409 645 514 719 VAL.
538 645 796 721 blARTIAblS

177 768 879 962 'nrronruurros

458 1016 619 1078 LIBER
645 1018 667 1080 l.

171 1131 277 1251 Spero
292 1186 342 1229 me
359 1175 498 1230 secutum
511 1169 544 1229 in
554 1166 673 1230 libellis
687 1169 764 1231 mels
778 1167 843 1231 tale
855 1177 1083 1253 temperamen-

83 1260 166 1333 tum,
194 1259 230 1315 nt
255 1251 295 1314 de
320 1251 386 1313 illis
414 1254 504 1333 queri
525 1271 588 1313 non
604 1255 705 1336 possit
725 1255 863 1334 quisquis
884 1253 924 1316 de
945 1274 980 1316 se
1001 1258 1083 1318 bene

84 1337 237 1417 senserit,
264 1357 332 1399 cum
353 1336 436 1398 salva
453 1338 626 1399 infimarum
644 1356 766 1419 quoqne
779 1357 980 1419 personarum
995 1359 1084 1401 reve-

82 1424 189 1483 rentia
206 1420 332 1498 ludant3
360 1439 438 1501 qnae
459 1420 543 1482 adeo
558 1423 692 1501 antiquis
712 1424 888 1483 auctoribus
910 1422 1026 1502 deluit,
1049 1429 1084 1485 ut

60 1507 260 1572 enominibos
278 1525 341 1567 non
359 1510 480 1566 tanturn
498 1505 581 1566 veris
602 1506 688 1565 abusi
708 1507 787 1583 sint,
819 1503 876 1566 sed
901 1511 934 1567 et
956 1509 1081 1586 magnis.

83 1590 168 1653 Mihi
188 1591 267 1651 fama
283 1589 373 1651 vilius
397 1595 520 1650 constet
542 1595 576 1649 et
595 1591 747 1669 probetur
767 1590 800 1649 in
818 1608 867 1650 mc
888 1591 1083 1652 novissimum
1116 1642 1119 1647 .

82 1676 252 1754 ingenium.
292 1675 385 1736 Absit
411 1675 585 1735 aiocornm
605 1679 781 1734 nostrorum
802 1673 1000 1755 simplicitate
1021 1696 1084 1736 ma·
1117 1704 1123 1753 ¹.-

83 1758 187 1838 lignns
205 1760 364 1904 interflires
382 1776 442 1818 nec
463 1760 681 1839 epigrammata
697 1776 766 1819 mea
779 1759 905 1823 scribat.
940 1759 1084 1840 Improbe
1120 1780 1125 1837 2

83 1842 270 1923 facitquiln
323 1862 382 1904 eno
391 1841 473 1904 libro
484 1843 662 1922 ingeniosus
673 1847 732 1907 est.
751 1841 1083 1905 Lascivam'verborum

44 1929 266 2008 loveritatem,
286 1926 320 2004 id
340 1932 390 1988 est
408 1928 650 2007 epigrammaton
668 1925 818 2005 lingnam,
841 1945 1035 2006 excusarem,
1057 1929 1084 1987 si

84 2030 187 2074 meum
199 2017 285 2073 esset
304 2009 495 2092 exemplam:
523 2012 568 2072 sic
583 2011 693 2071 scribit
706 2009 862 2089 Catullus,
890 2012 935 2071 sic
949 2011 1083 2089 Marsus,

85 2097 132 2156 sic
148 2095 254 2175 Pedo,
278 2097 323 2157 sic
344 2091 539 2174 Gaetulicus,
573 2096 618 2155 sic
638 2095 812 2175 quicunqne
830 2093 1015 2175 perlegitur.
1051 2095 1084 2155 Si

86 2181 156 2258 quis
174 2187 278 2241 tamen
297 2186 360 2240 tarn
381 2181 542 2241 ambitiose
562 2179 664 2240 tristis
682 2184 747 2256 est,
781 2183 816 2239 nt
842 2176 923 2259 apud
943 2177 1032 2239 illum
1051 2180 1087 2251 in¹

84 2263 171 2326 nulla
180 2266 293 2345 pagina
304 2261 402 2325 latine
416 2262 563 2344 loquitar
577 2263 634 2341 sit,
655 2268 760 2343 potest
775 2260 908 2342 epistola
922 2261 972 2323 vel
982 2265 1084 2343 potins

43 2347 177 2413 lotitulo
191 2354 355 2410 contentos
376 2366 456 2410 esse.
491 2348 720 2428 Epigrammata
732 2345 797 2408 illis
810 2348 1004 2424 scribuntur,
1032 2349 1083 2427 qui

86 2431 191 2494 solent
222 2438 365 2514 spectare
394 2429 549 2494 Florales.
595 2431 664 2492 Non
697 2431 796 2501 intret
820 2431 897 2491 Gato
928 2430 1083 2491 theatrum

85 2535 202 2595 meuru,
231 2523 283 2578 aut
299 2517 518 2595 silntraverit,
540 2521 671 2597 spectet.
704 2514 824 2579 Videor
844 2515 919 2575 mibi
933 2531 1002 2574 meo
1016 2514 1083 2574 iure

85 2601 240 2680 facturus,
264 2603 291 2661 si
306 2597 469 2682 epistolam
485 2601 625 2662 versibus
641 2598 778 2659 clusero:

128 2752 243 2812 Nosses
255 2752 379 2812 iocosae
395 2748 486 2812 dulce
502 2770 570 2811 cum
585 2768 704 2810 sacrum
717 2747 831 2810 Florae

128 2836 304 2915 Festosque
316 2832 402 2896 lusus
416 2841 449 2896 et
460 2831 620 2895 licentiam
635 2829 735 2912 volgi,

130 2919 193 2981 (lor
206 2920 239 2979 in
254 2920 426 2998 theatrum,
449 2918 526 2980 Gato
541 2936 667 2996 severe,
688 2917 823 2978 venisti?

27 3004 33 3014 '
129 3004 177 3065 An
187 3001 261 3065 ideo
274 3009 393 3065 tantum
403 3021 549 3082 veneras,
570 3009 605 3063 nt
619 3001 744 3064 exires?

550 3137 564 3197 l

212 3251 273 3312 llic
289 3256 338 3312 est
352 3268 443 3331 quem
456 3247 537 3330 legis
548 3248 624 3327 ille,
647 3266 738 3328 quem
749 3247 900 3328 requiris,

213 3333 301 3396 'l'oto
310 3340 402 3395 notus
415 3336 448 3396 in
462 3335 539 3395 orbe
552 3330 707 3395 Martialis

212 3419 340 3499 Argutis
356 3422 596 3501 epigrammaton
610 3415 747 3482 libellis:

1120 1840 1127 1895 i
