2370 3924
417 218 462 281 Μ.
476 218 568 282 vau.
586 217 812 280 Mancinus
836 288 840 296 ,

567 420 660 482 XLV.

176 536 318 598 Haedina
333 538 388 598 tibi
407 535 490 617 pelle
508 536 685 614 contegenti

176 621 283 681 Nudae
299 627 438 700 tempora
452 621 662 698 verticemque
677 616 797 696 calvae,

176 704 303 766 Festive
318 707 393 782 tibi,
414 704 558 780 Phoebe,
582 703 659 762 dixit
672 700 745 779 ille,

177 790 236 867 Qui
253 788 330 849 dixit
344 793 435 869 caput
452 804 521 848 esse
537 785 705 847 calciatum.

565 920 672 982 XLVI.

179 1033 327 1098 Vendunt
341 1034 475 1094 carmina
491 1031 596 1093 Gallus
614 1038 647 1091 et
662 1032 830 1111 Lupercus.

177 1118 290 1195 Sanos,
313 1117 464 1195 classice,
485 1136 564 1176 nuuc
579 1134 658 1195 nega
671 1121 788 1195 poetas.

552 1249 671 1312 XLVll.

83 1306 157 1623 J)
179 1363 455 1443 Difficilisfacilis,
475 1364 625 1425 iucundus
641 1366 769 1425 acerbus
786 1383 820 1424 es
834 1362 935 1425 idemz

218 1449 284 1510 Nec
299 1456 401 1510 tecum
417 1467 541 1529 possum
555 1449 676 1526 vivere,
697 1467 756 1508 nec
770 1449 837 1508 sine
852 1455 895 1510 te.

544 1568 677 1655 xu‘vur.

179 1705 304 1768 Boletos
323 1711 355 1766 et
372 1724 477 1784 aprum
492 1706 518 1764 si
533 1711 678 1783 tanquam
691 1703 763 1764 vilia
776 1704 883 1784 ponis,

219 1793 335 1852 utnon
350 1806 419 1877 esse
433 1796 522 1867 putas
537 1788 614 1847 haec
629 1807 697 1848 mea
710 1793 795 1866 vota,
818 1787 898 1850 volo.

179 1875 212 1934 Si
227 1876 416 1934 fortunatum
432 1873 502 1931 fieri
517 1891 566 1931 me
585 1871 686 1931 credis
701 1873 841 1932 etherea

221 1959 277 2020 Vis
292 1959 387 2016 scribi
402 1963 533 2035 propter
549 1957 684 2035 quinque
700 1956 850 2034 Lucrina,
871 1955 950 2017 vale.

155 2042 274 2103 oLauta
290 2049 392 2101 tamen
409 2057 484 2098 cena
500 2046 563 2099 est:
585 2039 703 2117 fateor,
724 2040 909 2117 lautissima,
932 2041 993 2102 sed
1010 2063 1076 2104 cras

220 2125 270 2185 Nil
286 2126 362 2202 erit,
383 2125 475 2183 immo
490 2122 599 2201 hodie,
621 2126 762 2204 protinus
777 2126 867 2184 immo
883 2124 981 2203 nihil,

179 2208 267 2286 Quod
285 2210 362 2268 sciat
376 2207 485 2268 infelix
500 2207 658 2268 damnatae
673 2210 801 2288 spongia
814 2210 933 2287 virgae,

221 2294 282 2357 Vel
297 2294 471 2372 quicunque
488 2293 571 2352 canis
586 2293 750 2369 iunctaque
765 2299 845 2352 testa
860 2295 935 2353 viae.

179 2376 350 2436 Mullorum
363 2375 567 2455 leporumque
582 2383 615 2435 et
629 2378 755 2436 suminis
771 2377 870 2436 exitus
885 2379 936 2438 hic
952 2386 1023 2458 est,

139 2472 171 2522 10
224 2459 478 2539 Sulphureusque
494 2458 581 2519 color
597 2462 818 2540 carnificesque
833 2461 938 2541 pedes.

178 2543 247 2602 Non
261 2542 380 2602 Albana
395 2544 469 2602 mihi
484 2545 525 2602 sit
539 2545 713 2604 comissatio
730 2546 824 2622 tanti,

222 2625 286 2686 Nec
303 2625 494 2705 Capitolinae
510 2627 750 2708 pontificumque
766 2628 869 2708 dapes.

180 2711 312 2790 lmputet
326 2712 393 2791 ipse
409 2709 484 2769 deus
500 2716 606 2770 nectar
622 2713 713 2790 mihi,
736 2714 791 2773 flet
806 2720 940 2790 acetum,

221 2798 262 2857 Et
276 2795 418 2858 Vaticani
430 2794 549 2874 perfida
564 2815 659 2876 vappa
674 2795 750 2857 cadi.

139 2881 327 2942 loconvivas
343 2881 417 2940 alios
434 2897 577 2939 cenarum
594 2898 707 2958 quaere
724 2881 886 2959 magister,

222 2965 304 3040 Quos
321 2964 441 3042 capiant
457 2980 579 3021 mensae
594 2982 688 3042 regna
705 2967 837 3045 superba
851 2973 932 3026 tuae.

179 3047 233 3106 Me
245 3066 331 3106 meus
346 3045 384 3105 ad
398 3047 513 3106 subitas
527 3047 638 3106 invitet
655 3049 767 3108 amicus
782 3046 907 3109 ofellus:

221 3130 307 3190 Haec
321 3130 411 3207 milri,
432 3149 520 3209 quarn
535 3150 658 3210 possum
673 3130 824 3210 reddere,
847 3151 923 3193 cena
937 3133 1057 3214 placet.

550 3260 655 3321 XLlX.

179 3372 316 3432 Crinitae
332 3373 410 3433 Line
425 3373 601 3454 paedagoge
618 3376 742 3451 turbae,

178 3454 293 3516 Rerum
311 3475 400 3535 quem
416 3455 569 3518 dominum
585 3463 673 3518 vocat
688 3476 809 3518 auarum
