2370 3924
89 248 152 314 114
251 278 254 283 -
408 243 453 304 ιι.
469 241 561 305 ιιι.
577 202 803 301 unanimis

132 411 166 465 lo
215 400 336 459 Aureus
350 402 385 454 ut
402 394 513 473 Scorpi
528 412 620 452 nasus
634 393 748 470 ubique
764 394 881 453 micet?

174 483 200 543 0
216 483 332 542 frustra
345 476 504 557 locuples,
526 496 543 535 o
561 475 767 536 dissimulator
783 478 886 555 amici,
947 535 950 540 .

215 567 301 625 Haeo
312 562 393 641 legis
409 567 442 620 et
453 560 581 620 laudas?
611 560 696 636 Quae
711 560 769 619 tibi
783 560 863 656 fama
876 561 981 642 periti

551 692 660 754 XXVI.

175 807 264 887 Quod
280 807 370 886 alpha
384 805 463 882 dixi,
485 802 603 881 Corde,
625 801 858 882 paenulatorum
911 784 918 805 ’

175 894 223 952 Te
237 908 352 971 nuper,
375 888 476 968 aliqua
492 907 560 947 oum
574 888 695 946 iocarer
709 887 742 946 in
757 888 878 966 charta,

175 976 208 1036 Si
223 976 306 1035 forte
322 972 417 1036 bilem
432 972 527 1031 movit
540 972 591 1030 hio
604 971 662 1030 tibi
676 988 798 1049 versus,
898 1004 902 1009 ·

175 1061 266 1120 Dicas
279 1056 390 1119 licebit
405 1058 478 1117 beta
490 1073 539 1114 me
554 1060 738 1132 togatorum.

554 1186 676 1249 XXVII.

175 1305 332 1384 ingenium
347 1299 541 1378 studiumque
558 1300 614 1357 tibi
629 1316 792 1377 moresque
807 1317 971 1379 genuaque

217 1388 296 1448 Sunt
311 1387 440 1464 equitis,
461 1383 576 1442 fateor:
600 1388 704 1441 cetera
715 1380 817 1461 plebia
830 1384 936 1450 habes.

153 1638 231 1701 ouis
246 1643 374 1717 septena
390 1634 447 1694 tibi
461 1653 522 1693 non
539 1639 609 1692 aunt
623 1630 771 1693 subsellia
783 1634 878 1712 tanti,

218 1723 262 1782 Ut
276 1719 385 1781 sedeas
400 1720 464 1778 viso
480 1717 612 1797 pallidus
628 1716 762 1778 Oceano.

546 1851 682 1913 xxviii,

177 1967 220 2026 Ut
234 1967 314 2026 bene
329 1964 475 2044 loquatur
490 1966 664 2042 sentiatque
681 1965 871 2043 Mamercus,

178 2050 315 2110 Efficere
329 2048 439 2127 nullia,
461 2048 557 2126 Aule,
579 2050 715 2108 moribus
728 2050 842 2128 possis=

176 2134 298 2193 Pietate
311 2135 425 2193 fratres
440 2133 564 2193 Curtios
578 2131 655 2191 licet
672 2134 788 2210 vincas,

180 2218 292 2293 Quiete
304 2218 437 2295 Neruas,
461 2217 606 2276 comitate
620 2215 777 2293 Rusones,

155 2302 339 2364 tl'robitute
355 2301 494 2378 Macros,
514 2301 669 2377 aequitate
685 2299 856 2377 Mauriooa,

178 2385 326 2445 Oratione
342 2383 494 2461 Regulos,
515 2383 592 2442 iocis
605 2381 733 2443 Paulos:

178 2468 375 2545 Robiginosis
392 2473 502 2527 cuncta
518 2464 662 2526 dentibus
678 2465 771 2529 rodit.

101 2550 106 2581 ³
125 2548 129 2613 Ῐ
148 2618 151 2623 ,
179 2552 342 2611 Hominem
357 2549 522 2628 malignum
539 2550 644 2610 forsan
660 2569 728 2611 esse
743 2558 776 2610 tu
792 2549 915 2610 credas:

126 2660 131 2709 ι
148 2628 151 2641 ’
177 2635 243 2714 Ego
259 2653 328 2693 ease
342 2636 487 2694 miserum
503 2634 615 2713 oredo,
638 2636 686 2694 oui
700 2632 803 2713 placet
816 2652 915 2696 nemo.

558 2781 666 2842 xxix.

183 2893 352 2974 Siquando
368 2891 508 2974 leporem
523 2897 619 2955 mittis
634 2895 725 2973 mihi,
748 2891 868 2972 Gellia,
891 2893 990 2974 diois,

221 2977 409 3055 „Formosus
425 2986 562 3058 septem,
584 2979 708 3057 Marce,
728 2977 836 3038 diebus
852 2978 949 3041 erlr.“

180 3059 214 3119 Si
229 3079 292 3119 non
307 3060 450 3139 derides,
473 3064 499 3122 ai
514 3081 636 3139 verum,
656 3062 709 3122 lux
722 3081 806 3140 mea,
828 3081 954 3140 narras,

219 3143 322 3204 Edisti
336 3164 505 3224 nunquam,
529 3145 646 3224 Gellia,
667 3154 701 3206 tu
714 3144 865 3227 leporem.

569 3278 663 3341 XXX.

181 3390 298 3469 Varro,
320 3389 495 3470 Sophocleo
510 3411 573 3451 non
586 3390 746 3452 infitiande
762 3393 930 3470 cothurno,

221 3472 288 3536 Nec
302 3476 401 3535 minus
416 3475 448 3534 in
463 3474 594 3535 Calabra
609 3474 805 3556 suspiciende
819 3473 904 3555 lyra,
