2370 3924
337 220 677 282 EPIGRAMMATON
688 222 762 283 LIB.
779 224 830 287 VI.
1042 219 1103 288 147

142 374 258 454 „Tune
274 392 325 452 es,
346 372 443 433 tune“
459 374 502 432 ait
515 371 593 452 „ille
608 371 780 452 Martialis,
968 352 974 385 ²

122 460 243 522 50uius
259 456 414 536 ueq'uitias
427 458 575 535 iocosque
589 459 691 536 novit,
967 470 971 505 ἰ
986 484 1023 532 a>

141 545 259 604 Aurem
274 541 327 621 qui
341 539 433 601 modo
448 560 510 600 nou
525 542 620 601 hahet
634 541 827 602 Boeotam⁴3“
1007 538 1012 547 ⁴

143 627 266 688 Subrisi
279 623 417 703 modice,
436 624 561 705 levique
576 631 653 686 nutu

142 711 197 771 Me
213 728 304 789 quem
322 707 443 769 dixerat
457 727 527 769 esse
544 729 606 769 uon
621 710 740 789 negavi.
955 788 957 793 Ι

142 794 229 873 „Gur
243 793 341 872 ergo“
355 795 458 873 iuquit
471 795 590 872 „hahes
603 792 699 854 malas
712 792 900 855 lacernas3“

97 876 315 959 10Respondi,
336 879 407 956 quia
421 896 487 937 sum
501 876 598 937 malus
612 885 714 958 poeta.

140 964 210 1023 Hoc
224 980 264 1022 nc
278 963 401 1041 saepius
419 960 537 1021 accidat
550 968 679 1042 poetae,

141 1047 268 1124 Mittas,
286 1045 386 1125 Rufe,
407 1046 482 1105 mihi
497 1046 592 1105 hones
606 1043 756 1106 lacernas.

504 1208 665 1272 LXXXIII.

141 1323 297 1400 Quantum
312 1320 445 1382 sollicito
460 1322 586 1383 fortuna
599 1324 739 1403 parentis
753 1323 902 1401 Etrusco,

185 1406 336 1484 Tantum,
358 1424 475 1465 summe
490 1401 617 1485 ducum,
639 1405 735 1469 debet
748 1414 881 1486 uterque
894 1405 961 1468 tibi.

139 1491 217 1551 Nam
231 1496 266 1550 tu
280 1492 373 1550 missa
385 1495 439 1550 tua
453 1492 606 1550 revocasti
619 1489 747 1552 fulmina
763 1489 888 1551 dextra:

182 1576 249 1635 Hos
264 1592 409 1654 cuperem
424 1593 527 1634 mores
541 1575 663 1652 ignibus
677 1593 747 1635 esse
762 1576 851 1652 Iovis.

116 1657 190 1720 5811
204 1666 274 1737 tua,
296 1660 338 1718 sit
353 1677 486 1735 summo,
510 1659 642 1736 Caesar,
664 1665 773 1719 natura
789 1658 941 1738 Tonanti:

181 1743 296 1804 Utetur
310 1748 377 1802 toto
391 1741 520 1802 fulmine
533 1763 604 1803 rara
618 1762 734 1803 manus.

139 1827 282 1887 Muneris
295 1827 356 1887 hoc
370 1831 535 1905 utrumque
552 1829 598 1887 tui
612 1834 746 1888 testatur
759 1828 927 1906 Etruscus,

179 1911 260 1973 Esse
275 1908 358 1990 quod
372 1917 404 1971 et
420 1911 524 1971 comiti
539 1913 669 1992 contIgit
686 1917 720 1971 et
733 1910 850 1973 reduci.
893 1972 896 1977 ,

494 2074 660 2138 LXXXIV.

141 2187 318 2269 Octaphoro
333 2207 423 2249 sanus
437 2196 596 2270 portatur,
618 2192 724 2268 Avite,
743 2186 916 2268 Philippus.

180 2273 271 2332 Hunc
286 2278 320 2332 tu
335 2275 362 2334 si
377 2293 482 2334 nauum
496 2273 616 2352 credIs,
639 2275 747 2353 Avite,
768 2273 856 2334 furis.

502 2438 654 2501 LXXXV.

140 2545 252 2608 Editur
265 2565 304 2607 en
320 2555 424 2609 sextus
441 2550 510 2610 sine
527 2558 558 2610 te
573 2552 665 2627 mihi,
687 2551 768 2611 Rufe
784 2549 930 2626 Camoni,

178 2630 244 2691 Neo
258 2637 291 2691 te
304 2630 456 2692 lectorem
471 2641 591 2714 sperat,
613 2637 728 2712 amice,
749 2634 841 2697 liber.

139 2715 233 2794 Impia
247 2714 463 2796 Cappadocum
477 2716 572 2779 tellus
588 2725 620 2777 et
633 2721 758 2777 numine
771 2717 859 2777 laevo

178 2799 255 2861 Visa
268 2801 326 2860 tihi
343 2802 465 2862 cineres
480 2801 586 2862 reddit
601 2808 634 2861 et
648 2821 717 2861 ossa
730 2803 822 2881 patri.

120 2881 249 2943 tFunde
264 2888 318 2944 tua
333 2882 493 2963 lacrimas,
516 2886 624 2946 orbata
637 2887 791 2963 Bononia,
813 2885 912 2961 Rufo,

176 2968 221 3028 Et
234 2976 363 3030 resonet
378 2976 444 3029 tota
457 2969 599 3050 planctus
613 2972 645 3029 in
658 2968 800 3031 Aemilia.

138 3051 208 3112 Heu
223 3050 321 3130 qualis
336 3055 454 3134 pietas,
478 3054 540 3114 heu
555 3074 644 3134 quam
660 3056 763 3116 brevis
777 3053 892 3114 occidit
908 3051 1006 3112 aetas!

176 3134 311 3198 Viderat
325 3136 439 3218 Alphei
453 3140 590 3218 praemia
608 3141 714 3218 quinta
728 3137 830 3199 modo.

138 3219 271 3281 Pectore
284 3228 319 3281 tu
334 3224 463 3282 memori
477 3228 601 3282 nostros
614 3222 758 3284 evolvere
772 3222 875 3301 lusus,

76 3295 133 3362 [1)
177 3304 228 3365 Tu
243 3303 353 3366 solitus
367 3311 466 3384 totos,
487 3307 582 3383 Rufe,
605 3313 715 3368 tenere
730 3309 832 3385 iocos,

139 3389 255 3469 Accipe
270 3409 339 3449 cnm
353 3392 431 3451 fletu
445 3392 554 3451 maesti
569 3393 664 3451 breve
679 3411 803 3452 carmen
817 3392 906 3451 amici

180 3475 284 3553 Atque
299 3475 377 3534 haec
392 3477 528 3535 absentis
541 3481 611 3535 tura
624 3475 721 3538 fuisse
738 3482 823 3560 puta.

831 3560 902 3625 io*
