2370 3924
289 226 631 288 EPIGRAMMATON
642 228 717 290 LIB.
732 230 782 294 III.
1015 230 1057 297 67

94 380 227 440 Possum
241 379 417 457 Hecubam,
438 397 562 459 possum
572 380 721 459 Niobam,
742 382 907 463 Matrinia,
930 382 984 445 scd
1000 386 1027 446 si

138 462 283 525 Nondum
298 465 360 524 erit
373 462 428 523 illa
444 464 543 541 cunis,
565 463 701 524 nondum
717 467 778 525 erit
793 464 850 527 illa
861 467 951 549 lapis.

464 596 600 658 XXXIII.

94 711 262 790 Ingenuam
276 708 375 787 malo,
398 707 454 769 red
469 711 495 769 si
510 715 613 770 tamen
627 707 682 769 tila
695 717 845 790 negetur,

137 795 300 854 Libertina
314 795 390 853 mihi
403 794 542 873 proxIma
558 792 694 854 conditio
712 801 776 856 est:

94 879 244 941 Extremo
259 883 308 937 ert
322 875 436 937 anciIla
447 875 532 937 Ioco:
555 877 611 937 sed
627 879 732 939 viucet
745 886 923 960 utramque,

139 961 174 1022 Si
187 961 269 1022 facie
283 962 374 1021 nobi·
385 962 463 1021 haec
477 962 540 1021 erit
554 963 696 1040 Ingenua.

465 1095 604 1158 XXXIV.

95 1211 195 1289 DIgnu
208 1216 262 1270 tuo
277 1228 333 1269 eur
349 1210 392 1268 sis
405 1208 593 1289 iudignaque
608 1210 750 1288 numine,
773 1211 879 1273 dIcam.

136 1292 265 1374 antda
280 1311 314 1353 es
328 1299 361 1353 et
375 1295 463 1372 nigra
477 1311 527 1353 es:
546 1312 609 1353 non
621 1312 655 1354 es
670 1300 704 1354 et
719 1313 753 1354 es
769 1297 898 1359 Chione.

400 1439 402 1443 ’
468 1425 595 1490 XXXV.

94 1539 181 1600 Artis
195 1536 362 1597 Phidiacae
377 1543 518 1597 toreuma
533 1536 650 1598 clarum

93 1623 201 1683 Pisces
217 1622 345 1702 aspicis:
368 1620 447 1681 adde
467 1641 591 1701 aquam,
613 1622 772 1682 natabunt.

435 1749 439 1756 '
464 1771 604 1834 xxxvi.

96 1883 187 1963 Quod
200 1903 297 1944 novus
309 1889 341 1944 et
355 1902 456 1964 nuper
469 1885 569 1945 factus
583 1885 641 1944 tibi
655 1890 796 1964 praestat
811 1885 942 1963 amicus,

136 1969 206 2029 IIoc
218 1974 381 2050 praestare
396 1969 484 2028 iubes
501 1986 568 2046 me,
589 1969 742 2046 Fabiana,
764 1970 839 2029 tibia

91 2050 248 2114 Horridus
263 2058 298 2111 ut
308 2053 408 2132 prImu
423 2059 456 2113 te
472 2069 597 2131 semper
611 2071 700 2111 mane
716 2050 846 2112 salutem

134 2138 198 2197 Per
212 2134 409 2214 mediumque
423 2137 527 2196 trabat
540 2155 590 2195 me
604 2141 656 2195 tua
671 2134 749 2195 sella
762 2135 877 2213 lutum,

70 2222 208 2284 5Lassus
221 2226 257 2280 ut
270 2221 304 2279 in
318 2221 455 2279 thermas
470 2219 589 2280 dchmu
601 2216 652 2279 vel
669 2220 769 2278 serius
782 2221 860 2280 hora

136 2305 186 2365 Te
200 2323 313 2384 sequar
327 2305 500 2384 Agrippae,
523 2323 590 2363 cum
607 2300 694 2362 laver
709 2304 777 2382 ipse
794 2303 870 2364 Titi.

91 2390 162 2450 Hoc
177 2406 236 2469 per
250 2388 379 2466 trIginta
392 2390 507 2466 merui,
529 2388 683 2465 Fabiane,
705 2388 911 2464 Decembres,

134 2473 179 2535 Ut
193 2473 251 2532 sim
264 2475 327 2532 tiro
342 2478 413 2531 tuae
428 2490 552 2552 semper
567 2472 741 2531 amicitiae?

90 2557 162 2618 Hoc
177 2557 294 2636 merui,
315 2556 469 2635 Fabiune,
490 2562 562 2635 toga
576 2557 713 2635 tritaque
728 2573 875 2635 meaque,

48 2652 84 2706 10
132 2641 177 2703 Ut
190 2640 326 2700 nondum
342 2639 451 2700 credas
467 2658 516 2700 me
531 2641 682 2700 meruisse
697 2637 830 2700 rudem'.²

453 2773 606 2835 XXXVII.

90 2891 187 2952 Irasci
201 2896 320 2950 tantum
335 2892 445 2952 felices
459 2891 559 2950 nostis
574 2889 672 2949 amici.

90 2975 163 3037 Non
176 2972 262 3035 belle
277 2976 399 3054 facitis,
421 2972 477 3035 sed
492 2975 576 3034 iuvat
587 2975 662 3034 hcet
682 2973 787 3034 facite.

450 3108 616 3171 XXXVIII.

91 3223 179 3299 Quae
192 3227 226 3282 tc
236 3228 332 3284 'cansa
347 3210 444 3283 t'rahtt
457 3221 508 3283 rel
524 3241 602 3302 quae
613 3220 725 3280 fiducia
744 3220 887 3299 Romam,

133 3305 254 3367 Sexte?
273 3307 348 3387 quid
365 3313 417 3367 aut
429 3325 535 3387 speras
552 3313 604 3366 aut
616 3306 700 3385 petis
714 3303 813 3363 iude?
833 3305 931 3365 refer.

88 3391 252 3472 „causam
266 3392 491 3471 inquis'„agam
508 3391 661 3451 Cicerone
676 3387 824 3449 disertior
838 3389 907 3468 ipsc

130 3476 238 3556 Atque
253 3477 316 3536 erit
329 3477 361 3536 in
374 3475 492 3557 triplici
505 3495 562 3556 par
577 3474 651 3535 mihi
666 3491 758 3535 nemu
771 3472 878 3536 icru.“

700 3557 856 3622 .,.
