2370 3924
336 204 617 265 EPIGRAMMAT
620 204 677 264 ΟΝ
690 204 763 268 Lm.
780 205 818 270 X.
1037 204 1099 272 241

139 360 183 420 Et
198 379 261 420 non
279 358 368 417 unius
384 361 542 436 spectator
555 355 687 417 lectulus
700 357 814 435 undae,

97 454 133 505 10
185 444 244 520 Qui
259 441 346 503 videt
358 442 431 500 hiue
445 458 565 519 puppes
578 440 729 518 fluminis,
751 440 825 502 iude
839 445 947 504 maris!

140 526 205 587 Sed
220 545 279 587 nee
294 522 440 586 Marcelli
453 524 752 604 Pompeianumque,
774 544 832 585 nec
847 525 914 586 illic

151 615 154 619 ’
184 611 262 670 Sunt
276 607 419 688 triplices
435 608 593 686 thermae,
609 627 668 668 nee
684 610 752 668 fora
767 611 870 670 iuncta
886 618 1012 689 quater,

139 693 206 755 Nec
221 693 389 774 Capitolini
404 710 551 751 summum
566 693 728 771 penetrale
744 693 911 772 TonantIs,

183 778 330 857 Quaeque
345 778 448 836 nitent
462 773 548 834 caelo
564 777 702 855 proxima
716 774 833 856 templa
849 797 912 838 suo.

117 862 272 922 15Dicere
286 867 319 920 te
331 860 445 920 lassum
460 859 603 936 quotiens
618 878 676 938 ego
691 860 786 921 eredo
802 861 946 937 Quirino:
1111 905 1126 937 7

181 945 290 1022 „Quae
305 951 356 1004 tua
378 950 465 1019 sunt,
487 943 546 1001 tibi
560 943 655 1003 habe:
679 963 756 1022 quae
772 963 856 1023 mea,
877 944 975 1005 redde
992 944 1123 1007 mihis·

551 1077 604 1135 LII

140 1186 269 1268 Thelyn
285 1186 406 1247 viderat
421 1187 453 1245 in
467 1192 540 1264 toga
555 1187 731 1266 spadonem.

137 1271 316 1331 Damnatam
330 1270 428 1330 Numa
443 1269 520 1330 dixit
534 1288 603 1329 csse
618 1271 785 1333 moecham

540 1404 616 1464 LIII.

139 1515 198 1577 ille
215 1535 353 1596 egenum
370 1517 520 1598 Scorpus,
544 1515 672 1578 clamosi
687 1517 786 1598 gloria
802 1517 902 1594 Circi,

178 1600 325 1679 Plausus,
346 1601 458 1677 Roma,
476 1602 522 1660 tui
539 1599 731 1680 deliciaeque
746 1603 872 1678 breves,

136 1684 243 1745 invida
258 1703 349 1763 quem
363 1685 511 1744 Lachesis
525 1691 646 1764 raptum
659 1684 825 1746 trieteride
837 1704 919 1744 nona

179 1769 259 1828 Dum
273 1773 415 1828 numerat
428 1767 561 1849 palmas,
582 1769 718 1830 eredidit
731 1788 801 1829 esse
816 1786 931 1832 senem.

539 1918 616 1980 LIV.

137 2028 282 2108 Mensae,
304 2027 380 2107 Ole,
401 2030 496 2089 bonas
510 1986 617 2112 ponis,
633 2028 690 2090 scd
702 2032 792 2110 penis
809 2036 942 2111 opertas.

181 2110 357 2174 Ridiculum
372 2118 435 2172 est:
456 2133 580 2193 possum
595 2115 639 2173 sie
654 2132 711 2192 ego
725 2115 842 2175 habere
858 2117 962 2175 bonas,

546 2247 610 2310 LV.

141 2361 307 2421 Arrectum
323 2361 466 2440 quotiens
483 2357 619 2420 Marulla
633 2376 745 2439 penem

138 2444 284 2504 Pensavit
299 2443 404 2522 digitis
418 2443 532 2524 diuque
548 2462 653 2502 mensa
668 2448 731 2519 est,

138 2528 263 2606 Libras,
286 2527 421 2607 scripula
435 2527 630 2606 sextulasque
646 2525 730 2586 dicit.

138 2610 223 2672 Idem
237 2618 308 2692 post
324 2631 400 2691 opus
416 2619 447 2672 et
464 2632 533 2672 suas
546 2610 717 2691 palaestras

112 2695 221 2757 5Loro
237 2716 305 2755 cum
321 2694 431 2756 slmilis
446 2697 527 2755 iacet
542 2695 690 2771 remisso,

140 2780 259 2856 Quanto
275 2781 315 2840 sit
332 2779 432 2840 levior
446 2777 580 2839 Marulla
594 2776 678 2837 dielt.

140 2863 209 2922 Non
225 2882 299 2943 ergo
316 2870 364 2923 est
378 2882 483 2923 manus
498 2864 573 2943 ista,
594 2859 650 2920 sed
667 2865 791 2918 statera.

537 2996 614 3058 LVI.
701 3005 702 3008 ’

139 3109 246 3187 Totis,
269 3108 375 3189 Galle,
397 3112 485 3170 iubes
503 3111 560 3169 tibi
574 3128 624 3169 me
640 3108 758 3168 servire
775 3104 884 3165 diebus

181 3193 223 3254 Et
236 3213 294 3273 per
309 3195 493 3254 Aventinum
508 3200 559 3252 ter
574 3198 683 3272 quater
697 3192 744 3250 ire
760 3188 867 3251 lutum.

138 3277 254 3337 Eximit
270 3286 321 3337 aut
335 3279 438 3337 reficit
453 3278 578 3338 dentem
595 3273 764 3336 CasceIIIus
781 3292 921 3352 aegrum,

183 3360 317 3422 Infestos
333 3361 431 3422 oculis
445 3364 527 3436 uris,
548 3360 687 3438 Hygine,
707 3360 805 3438 pilos;

116 3445 212 3506 5Nun
228 3452 313 3505 secat
328 3460 361 3506 et
376 3445 460 3507 tellit
473 3443 641 3506 stillantem
655 3443 791 3504 Fannius
807 3461 909 3504 uvam.

185 3528 292 3590 Maur.
853 3514 903 3586 16'
