2370 3924
90 225 132 291 20
413 227 456 288 ol.
476 227 567 288 van.
583 227 809 290 Man'rlanls

580 427 645 490 XL.

99 541 235 617 (Qui
250 539 335 601 ducis
350 539 451 601 voltus
468 545 501 600 et
518 560 580 600 non
594 539 674 622 legis
689 542 748 602 ista
764 541 917 623 libenter,

98 572 106 744 Ι
216 625 364 686 Omnibus
379 622 531 702 invideas,
554 623 666 703 livide,
688 644 778 685 nemo
793 627 861 686 tibi

572 758 649 820 XLI.

173 869 316 930 Urbanus
330 872 405 949 tibi,
427 871 561 952 Caecili,
582 873 706 935 videris.

172 953 306 1032 Nonas,
328 954 422 1015 crede
437 958 520 1019 mibi.
554 956 635 1034 Quid
653 958 749 1036 ergo?
771 977 880 1037 verna,

173 1039 242 1096 Hoc
258 1038 340 1117 quod
355 1041 594 1102 transtiberinus
610 1041 800 1120 ambulator,

174 1122 233 1196 Qui
247 1120 396 1201 pallentia
411 1123 591 1204 sulphurata
606 1125 713 1186 fractis

153 1205 335 1266 5Permutat
346 1208 473 1285 vitreis,
495 1208 578 1309 quod
592 1211 709 1270 otiosae

172 1288 290 1351 Vendit
306 1310 358 1369 qui
349 1284 525 1351 'madidum'
541 1295 624 1352 cicer
640 1311 788 1370 coronae,

173 1372 263 1447 Quod
277 1380 379 1434 custos
395 1373 638 1456 dominnsqne'
611 1395 802 1456 viperarum,
921 1399 926 1405 ·

173 1456 262 1532 Quod
276 1457 354 1518 viles
368 1461 458 1539 pueri
473 1459 670 1551 salariorum,

172 1540 261 1616 Quod
275 1542 423 1603 fumantia
439 1563 491 1621 qu1
481 1530 635 1605 'tomacla
651 1564 760 1605 raucus

130 1635 164 1687 10
173 1626 361 1687 Circumfert
375 1626 490 1708 tepidis
506 1648 597 1689 cocus
611 1629 752 1710 popinis,

173 1709 264 1785 Quod
278 1730 340 1770 non
355 1713 489 1790 optimus
504 1714 628 1773 urbicus
643 1719 751 1792 poeta,

173 1791 263 1867 Quod
276 1793 315 1852 de
332 1793 468 1855 Gadibus
482 1796 640 1873 improbus
655 1796 812 1874 magister,

172 1875 262 1952 Quod
279 1879 373 1937 bucca
388 1885 436 1937 est
453 1875 548 1938 vetuli
564 1878 651 1939 dicax
665 1878 794 1939 cinaedi.

172 1961 273 2035 Quare
291 1960 422 2020 desino
413 1981 473 2020 iam
487 1963 545 2022 tibi
559 1961 660 2023 videri

129 2042 259 2120 lanod
273 2043 420 2123 soliciti,
442 2045 576 2124 Caecili,
597 2046 728 2125 videris,
811 2071 813 2076 ·

175 2129 234 2204 Qui
250 2128 386 2191 Gabbam
402 2129 516 2190 salibus
532 2131 592 2190 tuis
608 2138 640 2191 et
655 2133 754 2210 ipsum

173 2212 286 2274 Posses
300 2214 426 2274 vincere
441 2213 581 2274 Tettium
597 2213 763 2276 caballum.

170 2296 239 2355 Non
258 2298 428 2377 cuicunque
444 2296 546 2358 datum
561 2300 740 2360 esthabere
754 2317 875 2358 nasum:

169 2379 264 2439 Ludit
278 2382 330 2459 qui
346 2381 457 2441 stolida
472 2384 676 2461 procacitate,

127 2463 236 2525 20Non
252 2470 301 2524 est
315 2464 439 2525 'l'ettins
454 2463 527 2543 ille,
550 2465 606 2526 sed
621 2463 765 2526 caballus.

564 2614 655 2674 XLII.

170 2726 318 2805 Coniugis
335 2724 471 2786 audisset
485 2726 581 2787 iatum
597 2746 663 2785 cnm
678 2726 790 2785 Porcia
801 2727 891 2786 Bruti

210 2811 252 2872 nt
268 2813 423 2872 subtracta
438 2812 497 2871 sibi
514 2816 681 2890 quaereret
698 2830 781 2869 arma
796 2807 901 2888 dolor,

169 2894 335 2972 „Nondum
349 2895 457 2956 scitis“
471 2896 514 2953 ait
527 2902 682 2974 „mortem
696 2912 757 2954 non
772 2912 864 2975 posse
879 2895 1010 2973 negari?

211 2977 429 3056 Credideram,
448 2978 521 3037 fatis
535 2979 595 3038 hoc
610 2978 751 3039 docuisse
766 2978 918 3058 patrem.“

148 3061 256 3121 allisit
271 3068 303 3121 et
318 3060 465 3121 ardentes
479 3059 567 3119 avido
584 3063 662 3121 bibit
677 3080 732 3121 ore
746 3060 883 3122 favillas:

210 3145 514 3223 launomarum,
536 3147 627 3204 turba
645 3144 792 3223 molesta,
811 3165 898 3226 nega.

555 3279 657 3341 XLlll.

167 3388 220 3447 Bis
234 3389 292 3448 tibi
306 3390 419 3449 triceni
433 3390 561 3470 fuimns,
583 3392 746 3472 Mancino,
767 3394 868 3454 vocati

208 3474 397 3556 dopositum
413 3483 461 3536 est
474 3478 564 3539 noble
579 3474 624 3536 nil
638 3477 715 3538 here
729 3482 855 3558 praeter
870 3497 994 3560 aprum,
