2370 3924
89 174 129 264 ao
408 196 452 261 ιι.
467 195 559 259 vau.
574 193 800 257 mannans

171 350 252 430 Quid
268 338 392 429 dignans
406 355 494 411 tanto
508 348 567 409 tibi
584 352 694 407 ventre
708 345 841 426 gulaque
855 349 1034 428 precabor?

210 434 355 496 Boletum
368 432 489 514 qualem
504 430 650 493 Claudius
665 429 747 511 edit,
770 429 853 492 edas.

562 563 642 628 XXI.

170 683 247 744 Gum
260 684 386 762 peteret
399 694 505 756 regem
521 675 652 758 decepta
665 674 802 740 satellite
817 677 942 757 dextra,

208 765 341 844 Ingessit
354 763 449 823 sacris
464 780 498 822 se
511 763 651 843 peritura
664 762 752 830 focis.

169 847 233 911 Sed
246 855 308 910 tam
323 865 411 908 saeva
424 846 493 929 pius
508 844 653 907 miracula
665 865 729 906 non
743 842 817 906 tulit
829 846 929 908 hostis

210 933 252 994 Et
265 938 388 1012 raptum
401 931 530 991 fiammis
544 930 633 992 iussit
648 929 734 991 abire
748 930 856 996 virum.

148 1017 272 1080 5Urere
287 1035 377 1096 quam
390 1016 493 1095 potuit
510 1019 686 1094 contempto
701 1013 823 1074 Mucius
837 1015 918 1094 igni,
967 1077 972 1085 ,
1106 1012 1111 1022 ’

211 1101 299 1162 Hanc
317 1104 460 1181 spectare
475 1116 598 1159 manum
610 1098 749 1158 Porsena
762 1116 825 1158 non
838 1099 949 1178 potnit.

79 1256 82 1263 Ι
100 1202 115 1227 ⁴*
168 1185 272 1247 Maior
286 1182 436 1264 deceptae
448 1183 528 1243 fama
540 1187 588 1242 est
603 1189 636 1243 et
649 1180 748 1260 gloria
764 1179 906 1243 dextruas

119 1282 138 1366 'p
210 1269 320 1329 Sinon
335 1272 487 1346 errasset,
506 1267 627 1326 fecerat
639 1263 695 1326 illa
709 1265 817 1326 minua.

554 1397 646 1461 XXII.
666 1440 669 1445 -

170 1513 252 1592 Quid
267 1531 329 1574 non
345 1529 435 1572 saeva
448 1509 529 1590 fugis
544 1507 661 1591 placidi
674 1508 764 1590 lepus
779 1529 833 1569 ora
847 1506 970 1570 leonisl

120 1636 123 1641 <
209 1599 370 1678 Frangere
387 1601 449 1656 tam
464 1592 803 1677 parvasnondidicere
818 1593 914 1658 feras.

168 1681 337 1744 Servantur
354 1680 470 1759 magnis
483 1680 537 1740 isti
553 1678 723 1740 cervicibus
737 1695 854 1756 ungnes

209 1766 274 1825 Nee
289 1763 401 1843 gaudet
415 1764 502 1823 tenui
517 1762 665 1840 sanguine
676 1766 762 1822 tanta
775 1762 852 1823 sitis.

147 1846 412 1912 thaeda-canum
425 1845 514 1927 lepus
529 1851 593 1922 est,
613 1849 715 1906 vastos
728 1864 791 1906 non
806 1843 916 1926 implet
928 1845 1047 1906 hiatnsa

209 1932 278 1992 Non
291 1932 399 1991 timeat
414 1930 512 1991 Dacus
528 1929 669 1991 Caesaris
684 1949 767 1990 arma
780 1947 866 2011 puer.

555 2077 661 2142 XXlll.

167 2191 279 2252 Invitas
294 2189 411 2251 nullum
426 2191 486 2251 nisi
501 2211 569 2252 cum
585 2210 661 2271 quo,
684 2189 792 2269 cotta,
812 2188 924 2254 lavaris

209 2277 251 2336 Et
266 2273 340 2335 dant
354 2276 509 2335 convivam
522 2272 634 2337 balnea
649 2273 715 2335 sola
729 2275 796 2335 tibi.

166 2360 321 2437 Mirabar,
345 2378 439 2439 qnare
453 2378 605 2438 nunquam
619 2377 687 2436 me,
709 2358 817 2437 cotta,
839 2377 995 2421 vocasses:

209 2444 270 2503 lam
284 2443 364 2522 scio,
384 2462 434 2504 me
448 2441 562 2503 nudum
576 2440 771 2523 displicuisse
784 2443 851 2503 tibi.

550 2575 660 2639 XXIV.

167 2690 289 2772 Aspicis
303 2692 468 2773 incomptis
483 2687 588 2769 illum,
610 2691 760 2770 Deciane,
784 2689 924 2772 capillis,

211 2774 305 2836 Gaius
321 2777 435 2858 etipse
453 2777 544 2836 times
559 2776 652 2836 triste
668 2774 883 2856 supercilium,

169 2859 228 2935 Qui
242 2858 380 2939 loquitur
394 2860 505 2922 Ourios
521 2867 754 2939 assertoresque
769 2857 938 2921 Camillos.²

208 2942 312 3004 Nolito
326 2944 424 3004 fronti
439 2941 584 3003 credere:
603 2945 708 3026 nupsit
719 2944 798 3005 lueri.
841 2970 852 2987 ·

550 3075 646 3140 XXV.

167 3187 236 3249 llde
254 3195 323 3249 tuos
337 3187 462 3248 tandem
475 3187 608 3269 populo,
628 3188 794 3269 Faustine,
813 3187 940 3251 libellos

208 3273 251 3333 nt
266 3271 379 3334 cultum
394 3271 485 3334 docto
500 3280 629 3354 pectore
643 3275 752 3355 profer
767 3293 858 3355 opus,

169 3355 259 3433 Quod
271 3375 331 3417 nec
347 3357 518 3439 Cecropiae
534 3358 679 3419 damnent
693 3358 860 3420 Pandionis
874 3375 962 3420 arces

208 3441 273 3501 Nec
287 3440 401 3503 sileant
414 3443 514 3503 nostri
527 3449 788 3523 praetereantque
802 3461 902 3505 aenea.
