2370 3924
415 229 459 290 M.
475 229 568 292 VAL.·
583 227 809 290 MARTIALIS

553 426 671 490 Lxxlt.

174 549 304 610 Frustra
318 543 491 605 Blanditiae
504 544 617 604 venitis
631 542 669 602 ad
683 559 732 602 me

175 632 301 691 Attritis
317 627 510 689 miserabiles
524 625 657 688 labellis.

175 717 320 775 Dicturus
335 711 490 772 dominum
505 710 658 788 deumque
674 728 737 768 nou
753 727 828 768 sum.

174 799 235 859 lom
252 816 314 857 nou
329 802 378 854 est
391 793 478 854 locus
493 795 550 854 bac
566 795 598 853 in
614 794 691 852 urbe
705 791 809 866 robis3

152 881 224 944 end
238 879 368 940 Parthos
382 877 492 958 procul
506 879 551 938 lte
565 876 696 957 pileatos

174 966 216 1025 Et
230 970 336 1041 turpes
356 961 549 1040 humilesque
564 958 782 1040 supplicesque

177 1049 335 1108 Pictorum
350 1043 416 1104 sola
430 1045 547 1104 basiate
563 1063 679 1122 regum.

175 1131 308 1212 Non-est
320 1130 372 1188 hic
387 1128 543 1206 dominus,
567 1125 622 1187 sed
637 1128 822 1206 imperator,

175 1213 239 1274 Sed
252 1213 436 1272 iustissimus
454 1213 586 1271 omnium
603 1218 742 1287 senator,

136 1299 235 1360 10Per
250 1315 340 1375 quem
355 1295 394 1355 de
409 1295 515 1373 Stygia
529 1294 618 1354 domo
633 1292 763 1353 reducta
778 1299 828 1352 est

175 1382 271 1441 Siccis
286 1381 402 1439 rustica
417 1379 541 1441 Veritas
557 1375 676 1457 capillis

173 1464 242 1523 lloc
256 1464 311 1522 sub
326 1463 485 1542 principe,
508 1463 535 1521 si
549 1462 645 1541 sapis,
669 1467 792 1538 caveto,

174 1547 305 1624 Verbis,
326 1547 437 1623 Roma,
458 1546 614 1625 prioribus
627 1543 776 1622 loquaris.

543 1678 676 1740 Lxxlll.

174 1791 295 1850 Littera
309 1789 432 1850 facundi
450 1797 569 1869 gratum
584 1791 659 1849 mihi
672 1791 782 1870 pignus
798 1790 886 1850 amici

216 1873 366 1951 Pertulit,
387 1876 540 1934 Ausoniae
558 1871 637 1932 dona
652 1875 785 1952 superba
800 1880 906 1952 togae,

176 1958 241 2032 Qua
255 1976 317 2015 non
331 1959 508 2034 Fabricius,
531 1957 587 2017 sed
600 1955 696 2016 vellet
712 1957 838 2035 Apicius
855 1958 919 2035 uti,

217 2038 323 2101 Vellet
337 2041 502 2100 Maecenas
518 2042 718 2101 Caesarianus
733 2059 838 2118 eques.

153 2122 280 2185 5Vilior
296 2124 372 2184 baec
390 2126 479 2184 nobis
496 2123 555 2184 alio
572 2125 716 2183 mittente
731 2124 855 2184 fuisset:

216 2208 284 2266 Non
300 2227 480 2286 quacunque
496 2228 586 2267 manu
603 2209 725 2267 victima
740 2226 827 2267 caesa
842 2207 925 2271 litat.

174 2291 200 2350 A
216 2296 248 2350 te
263 2292 355 2350 missa
368 2293 461 2354 venit.
495 2292 621 2351 Possem
636 2292 696 2350 nisi
711 2311 817 2351 munus
833 2312 956 2373 amare,

215 2375 337 2450 Marce,
353 2381 453 2451 tuum,
471 2382 611 2454 poteram
626 2394 738 2434 nomen
755 2394 856 2435 amore
874 2396 989 2438 meum

172 2457 305 2516 Munere
321 2457 378 2517 sed
391 2458 460 2538 plus
476 2465 524 2516 est
539 2466 571 2517 et
585 2459 708 2517 nomine
723 2461 838 2536 gratius
855 2461 926 2540 ipso

133 2548 166 2598 10
215 2540 358 2600 Officium
373 2540 457 2600 docti
473 2540 681 2620 iudiciumque
698 2543 765 2600 viri.

543 2687 676 2749 LXXIV.

170 2797 232 2855 lam
246 2817 339 2877 parce
353 2797 451 2877 lasso,
474 2800 584 2877 Roma,
607 2798 806 2878 gratulatori,

171 2879 265 2941 Lasso
283 2880 396 2943 clienti.
430 2883 579 2958 Quamdiu
594 2882 742 2943 salutator

171 2962 431 3024 Anteambulones
447 2971 479 3023 et
494 2965 645 3043 togatulos
662 2968 745 3026 inter

172 3045 302 3107 Centum
316 3049 460 3106 merebor
474 3048 635 3128 plumbeos
651 3049 701 3110 die
716 3057 801 3126 toto,

148 3127 248 3186 scum
263 3129 398 3209 Scorpus
412 3151 471 3190 una
487 3131 661 3210 quindecim
677 3152 784 3212 graves
801 3134 880 3193 hora

168 3209 332 3270 Ferventis
350 3215 415 3272 auri
429 3216 528 3275 victor
542 3217 661 3276 auferat
676 3217 802 3277 saccos?

167 3291 236 3351 Non
251 3312 308 3371 ego
322 3314 459 3357 meorum
473 3302 641 3379 praemium
654 3299 846 3377 libellorum,

171 3409 206 3417 ·—
225 3377 305 3451 Quid
320 3380 401 3439 enim
418 3384 599 3442 merentur‘.l
615 3415 659 3430 -
672 3384 810 3463 Appulos
827 3382 922 3444 velim
939 3406 1078 3468 campos;

167 3457 236 3518 Nou
250 3461 367 3542 Hybla,
391 3484 452 3524 uon
466 3485 515 3525 me
530 3468 657 3546 spicifer
674 3469 755 3548 rapit
770 3466 876 3545 Nilus,
