2370 3924
284 219 626 281 EPIGRAMMATON
640 220 714 282 LIB.
730 221 777 285 111.
1010 223 1054 290 65

483 422 577 483 XXII.

88 536 246 615 Dederas,
267 535 375 617 Apici,
389 536 438 596 hir
453 535 647 595 trecentiens
666 537 784 616 ventri,

86 624 131 685 Et
147 620 248 681 adhuc
264 624 428 700 supererat
443 621 584 678 centiens
598 621 657 678 tibi
669 618 781 682 laxum.

87 707 159 767 Hac
176 711 212 765 tn
225 710 367 783 gravatus
382 709 417 763 nt
431 703 543 762 famem
559 708 592 762 et
606 704 688 762 sitim
703 705 790 766 ferre

90 789 214 850 Summa
229 807 381 848 venenum
394 787 523 866 potione
537 786 692 866 perduxti.

65 871 145 938 auu
159 879 225 952 est,
245 873 354 953 Apici,
376 872 434 931 tihi
449 870 586 949 galasius
600 871 725 932 factum.

479 1004 585 1066 XXIII.

89 1119 201 1181 Omnia
218 1084 285 1178 cum
300 1123 388 1177 retra
403 1118 510 1198 pueris
526 1119 653 1199 opsonia
667 1118 788 1200 tradas,

31 1262 34 1267 ⁴
133 1203 197 1263 Cur
211 1221 274 1261 nan
287 1220 393 1261 mensa
406 1202 465 1262 tihi
480 1205 606 1282 panitur
621 1223 638 1262 a
652 1203 807 1284 pedibus?

473 1335 583 1399 XXIV.

87 1449 164 1511 Vite
177 1465 294 1508 nocens
310 1465 382 1506 rasa
394 1447 495 1506 stabat
508 1448 676 1508 mariturus
692 1446 730 1507 ad
745 1469 813 1508 aras

132 1532 266 1609 Hircus,
288 1530 429 1608 Bacche,
452 1531 515 1588 tuis
529 1530 652 1590 victIma
665 1536 752 1609 grata
765 1532 853 1595 focis.

88 1617 188 1693 Quem
204 1613 325 1674 Tuscus
340 1618 476 1674 mactare
492 1612 551 1673 dea
568 1633 636 1674 cnm
650 1613 747 1675 vellet
762 1616 935 1699 haruspex,

131 1700 259 1759 Dixerat
273 1699 389 1776 agresti
403 1699 487 1758 forte
502 1696 635 1778 rudique
649 1699 730 1778 vira,

64 1784 135 1847 nUt
149 1783 211 1842 cito
225 1781 390 1842 testiculos
405 1787 438 1841 et
452 1788 540 1842 acuta
553 1780 635 1843 falce
651 1791 789 1863 secaret,

131 1867 231 1926 Teter
245 1871 280 1926 at
293 1864 468 1926 immundae
483 1867 584 1926 carnis
600 1868 700 1927 abiret
715 1867 801 1931 ador.

87 1952 159 2032 Ipse
174 1969 268 2031 snper
282 1950 399 2010 virides
415 1970 482 2011 aras
497 1947 647 2011 luctantia
664 1970 780 2030 pronus

130 2034 209 2094 Dum
227 2040 351 2098 resecat
363 2033 465 2095 cultra
482 2032 563 2094 calla
576 2037 754 2115 premitque
769 2056 876 2115 manu,

86 2119 200 2198 Ingens
214 2119 302 2179 iratis
317 2119 459 2199 apparuit
473 2119 584 2178 hernia
598 2119 703 2178 sacris.

43 2213 81 2267 10
130 2204 269 2283 Occupat
283 2203 363 2262 hanc
379 2203 467 2262 ferra
481 2203 615 2262 rusticus
628 2209 721 2281 atque
736 2208 838 2280 secat,

86 2287 157 2347 Hac
172 2292 258 2347 ratus
272 2288 416 2367 antiquas
433 2305 590 2346 sacrorum
603 2304 736 2367 pascere
750 2287 830 2346 ritus

131 2370 267 2431 Talibus.
277 2375 310 2430 et
323 2371 412 2431 fibris
428 2371 553 2429 numina
566 2372 668 2451 prIsca
684 2368 755 2431 coli.

86 2454 140 2515 Sic
154 2445 247 2514 modo
263 2456 317 2533 qui
330 2454 451 2514 Tuscus
466 2455 588 2532 fueras,
610 2473 691 2514 nunc
707 2451 816 2516 Galim
828 2456 998 2536 haruspex,

129 2539 209 2597 Dum
224 2537 342 2617 iugulas
356 2539 493 2618 hircum,
513 2539 613 2599 Iactus
628 2557 662 2598 es
678 2538 746 2618 ipse
761 2558 864 2620 caper.

360 2690 362 2692 ’
473 2685 570 2749 XXV.

87 2801 123 2862 Si
137 2800 309 2880 temperari
322 2797 469 2860 balneum
482 2799 568 2878 cupis
583 2799 708 2858 fervens
716 2843 725 2877 ,

85 2883 253 2962 Faustine,
276 2881 361 2963 quod
371 2884 421 2944 vix
435 2881 569 2943 Iulianus
583 2883 732 2962 intraret,

83 2968 189 3048 Baga,
210 2965 349 3046 lavetur,
371 2968 533 3028 rhetorem
547 2966 740 3028 Sabinaeum.

83 3053 278 3114 Neronianas
292 3052 344 3112 hic
357 3052 527 3132 refrigerat
540 3051 688 3116 thermas.

471 3186 581 3248 XXVI.

82 3298 220 3362 Praedia
233 3300 318 3364 salas
332 3303 429 3362 habes
444 3308 478 3362 et
492 3300 592 3378 salus,
616 3299 773 3379 Candide,
793 3320 949 3381 nummos,

126 3384 234 3446 Aurea
246 3384 332 3446 salus
345 3386 459 3465 hahes,
481 3387 619 3446 murriaa
633 3384 716 3445 salus
730 3385 843 3465 habes,

82 3467 223 3530 Massica
237 3467 322 3532 aolus
335 3471 432 3532 habes
446 3477 480 3531 et
494 3469 597 3552 Opimi
612 3469 755 3532 Caecuba
768 3469 875 3551 saIus,

42 3549 154 3617 Maur.
581 3641 582 3644 Ἴ
836 3555 859 3620 h
