2370 3924
89 246 154 313 340

414 245 460 308 M.
473 243 567 308 VAL.
583 242 811 305 MARTIALIS

182 449 372 513 CLXXXIV.
394 448 554 508 Homerus
569 449 602 507 in
612 447 826 527 pugillatibus
839 450 1038 512 mmdroniu

172 549 245 612 Ilius
259 556 293 610 et
304 549 421 610 Priami
435 548 541 626 regnis
554 547 697 606 inimieuo
710 544 819 607 Ulixes
898 550 901 554 ’

214 633 385 713 Multiplici
400 633 519 713 puriter
535 630 659 691 condite
672 629 755 711 pelle
768 629 882 693 latent.

384 766 562 829 ccxxxv.
591 764 712 845 tergeo
725 763 836 826 oties.

171 868 288 948 Accipe
303 864 429 926 facundi
444 863 599 941 Culicem,
622 862 778 942 studiose,
799 864 959 945 Maronis,

213 952 261 1012 Ne
274 951 403 1010 nucibus
417 951 528 1031 positis
542 967 627 1009 erma
641 948 803 1026 virumque
817 947 917 1028 legas.

293 1082 484 1144 CLXXXVI.
512 1081 671 1164 Vergilius
684 1083 718 1142 io
731 1082 931 1145 membranis.

174 1186 272 1263 Quum
286 1185 389 1243 brevis
404 1185 584 1242 Immensum
600 1182 686 1262 cepit
700 1183 879 1244 membrana
891 1185 1062 1247 Meconem!

215 1268 314 1349 Ipsius
328 1266 429 1327 voltus
443 1268 543 1346 primu
555 1264 672 1325 tubelle
686 1267 776 1345 gerIt

344 1399 547 1463 CLXXXVII.
569 1393 778 1480 Μενάνδρου
793 1392 885 1473 Culte.

171 1503 238 1564 Hac
253 1503 385 1585 primum
401 1502 543 1561 iuvenum
559 1499 690 1562 lasciuus
705 1501 779 1563 lusit
791 1521 930 1579 amores3

212 1586 278 1646 Nec
294 1585 428 1665 Glycera
442 1586 548 1665 pueri,
570 1583 668 1645 Thais
685 1588 781 1646 smicn
794 1587 864 1646 fuit.

300 1718 518 1781 CLXXXVIII.
545 1718 652 1780 Cicero
666 1722 699 1780 in
713 1721 910 1781 membranis.

171 1822 205 1884 Si
221 1838 323 1881 comes
337 1820 396 1879 istn
411 1820 468 1878 tibi
482 1819 579 1879 fuerit
594 1821 786 1899 membrana,
808 1827 915 1901 putato

215 1906 353 1985 Carpere
368 1910 401 1961 te
418 1901 525 1982 longas
541 1924 609 1963 cum
626 1905 779 1965 Cicerone
794 1907 867 1964 vias.

323 2037 512 2099 CLXXXIX.
536 2038 725 2099 Monobibloe
740 2038 894 2119 Properti.

171 2140 305 2221 Cynthia
316 2139 441 2200 facundi
457 2159 580 2215 capmen
594 2141 734 2200 iuvenale
749 2142 897 2221 Properti

212 2225 342 2305 Accepit
356 2225 482 2283 famam:
499 2244 561 2283 non
575 2225 674 2283 mInns
687 2226 755 2305 ipse
769 2223 866 2284 dedit.

317 2358 406 2419 CXC.
436 2358 524 2418 Titus
540 2357 646 2417 biblos
660 2360 692 2417 in
707 2360 900 2420 membranis.

168 2456 307 2517 Pellibus
322 2458 438 2534 exiguis
454 2462 571 2515 artatur
584 2456 689 2516 Livius
703 2458 828 2536 ingens,

211 2541 309 2617 Quem
323 2558 466 2599 mennon
484 2546 580 2599 totum
596 2539 785 2601 bibliothece
800 2545 891 2623 cepit.

454 2655 556 2717 CXCI.
579 2654 764 2718 Sallustius.

167 2757 227 2816 llic
244 2757 320 2833 erit,
341 2763 374 2816 ut
387 2759 555 2837 perhibent
572 2758 732 2819 doctorum
748 2759 841 2820 corde
856 2761 1009 2841 virorum,

209 2842 329 2900 Primus
347 2841 482 2901 Romana
497 2843 623 2923 Crispus
638 2844 669 2901 in
688 2844 827 2903 historie.

226 2974 342 3035 CXCII.
368 2975 459 3035 Ovidi
473 2973 729 3056 Metamorphosis
742 2980 775 3037 o'n
790 2980 990 3042 membranis.

166 3077 251 3136 Ilaec
265 3079 322 3137 tibi
339 3075 503 3157 multiplici
520 3098 598 3157 quae
613 3084 731 3140 structe
745 3086 794 3140 est
807 3101 906 3142 mussa
921 3082 1049 3160 tubello,

210 3162 352 3222 CurmIne
366 3161 495 3221 Nasonis
509 3165 643 3241 quinque
658 3163 828 3243 decemque
842 3167 935 3244 gerit.

452 3297 581 3357 CXCIII.
610 3297 758 3358 Tibullus.

164 3390 251 3453 Ussit
265 3400 430 3453 amatorem
446 3396 586 3456 Nemesis
601 3396 714 3458 lasciva
729 3396 906 3479 Tibullum,

202 3476 237 3540 In
254 3483 321 3540 tota
336 3479 414 3540 iuvit
428 3499 521 3542 cuem
533 3480 614 3541 nibil
626 3501 695 3542 esse
711 3481 811 3544 domo.
