2370 3924
89 194 156 263 208
418 193 462 254 M.
477 192 570 255 VAL.
586 192 812 254 MARTIALIS

175 344 343 408 Nolentem
360 345 516 424 sequitur,
536 350 709 424 tenuesque
724 362 851 405 reversa
865 362 925 425 per
940 365 1027 409 auras

218 429 280 494 Vel
294 428 377 511 pede
390 427 442 488 vel
455 434 562 506 tergo,
585 429 671 488 crine
684 426 736 488 vel
747 446 849 506 ungue
867 426 969 491 sedet.

95 580 98 587 ,
155 516 311 578 §Lubrica
324 513 458 593 Corycio
473 513 607 591 quamvis
621 513 684 572 sint
695 510 815 592 pulpita
828 513 934 573 nimbo

198 601 205 613 “
218 599 260 661 Et
273 599 395 679 rapiant
409 594 532 657 celeres
545 594 615 656 vela
630 602 741 674 negata
753 594 843 674 Noti,

177 682 310 743 Securos
323 681 415 762 pueri
429 678 574 758 neglecta
586 677 781 760 perambulat
795 686 899 758 artus,

218 768 261 828 m
274 769 368 825 nocet
384 764 495 824 artifici
509 769 618 824 ventus
634 768 667 823 et
681 762 763 823 undu
776 762 864 824 nihil.

177 850 221 911 Ut
238 866 369 930 peccare
383 846 478 925 velis,
498 867 566 907 cum
580 847 696 908 feceris
711 849 827 925 omnia,
848 845 921 907 falli
954 909 960 922 ¹

135 943 171 997 10
218 932 288 993 Nou
301 938 406 1012 potes:
426 937 495 990 arte
509 951 586 1012 opus
601 937 666 1008 est,
688 937 723 991 ut
737 931 794 991 tibi
808 950 915 1011 parma
930 930 1031 998 cadat.

543 1063 681 1125 XXXIX.

176 1178 281 1238 l'rima
294 1175 436 1237 Palatino
450 1175 502 1238 lux
517 1182 566 1236 est
582 1177 661 1236 haec
675 1181 744 1236 orta
758 1176 910 1256 Tonanti,

219 1261 367 1341 Optasset
381 1258 501 1340 Cybele
518 1280 577 1339 qua
590 1262 753 1341 peperisse
766 1261 878 1326 lovem.

176 1345 243 1405 llac
261 1350 294 1405 et
308 1351 414 1405 sanctu
426 1345 487 1404 mei
502 1345 606 1423 genita
622 1350 670 1404 est
686 1345 837 1404 Caesonia
850 1345 932 1409 Rufi.

218 1427 295 1488 Plus
312 1428 409 1488 debet
423 1429 514 1488 matri
528 1425 613 1486 nulla
626 1425 734 1508 puella
748 1446 829 1487 suae.

154 1514 330 1578 §Laetatur
344 1514 464 1591 gemina
479 1516 620 1572 votorum
634 1518 720 1572 sorte
734 1513 878 1590 maritus,

221 1597 359 1675 Contigit
372 1597 453 1656 hunc
467 1593 517 1655 illi
531 1595 613 1675 quud
629 1596 675 1655 bis
690 1615 791 1657 amare
809 1594 901 1661 diem.

584 1729 649 1791 XL.

177 1842 328 1923 Tarpeios
342 1843 496 1903 Diodorus
512 1843 550 1903 ad
566 1863 696 1904 coronas

177 1925 303 1985 Romam
320 1946 386 1985 cum
402 1934 528 2007 peteret
543 1928 645 1988 Pharo
660 1928 788 2008 relicta,

175 2009 269 2069 Vovit
283 2029 340 2088 pro
358 2009 461 2070 reditu
477 2013 536 2071 viri
551 2011 726 2090 Philaenis,

175 2089 264 2152 Illam
278 2091 414 2173 lingeret
428 2101 462 2154 ut
476 2093 583 2175 puella
598 2096 746 2177 simplex,

154 2178 277 2253 bQuam
293 2186 394 2239 castae
410 2199 532 2258 quoque
549 2178 680 2258 diligunt
695 2182 833 2240 Sabinae.

176 2262 324 2341 Dispersa
339 2270 406 2323 rate
422 2265 563 2323 tristibus
577 2263 724 2343 procellis

175 2345 301 2405 Mersus
315 2347 459 2408 fiuctibus
475 2350 663 2425 obrutusque
678 2355 774 2428 ponto

177 2427 227 2487 Ad
242 2434 345 2488 votum
360 2430 513 2490 Diodorus
529 2434 671 2492 enatavit.

179 2510 205 2571 0
222 2510 328 2570 tardus
342 2514 433 2572 nimis
450 2519 482 2572 et
497 2515 586 2592 piger
600 2516 740 2575 maritus!

134 2603 168 2655 10
175 2595 242 2653 Hoc
255 2595 288 2653 in
302 2593 397 2655 litore
412 2597 438 2655 si
452 2594 555 2676 puella
569 2605 672 2658 votum

176 2678 320 2739 Fecisset
333 2699 418 2760 mea,
437 2682 579 2762 protinus
595 2683 756 2743 redissem.

574 2816 650 2877 XLI.

175 2922 323 3000 Pontice,
345 2924 428 3003 quod
441 2945 595 3005 nunquam
610 2926 721 3004 futuis,
743 2923 800 2987 sed
812 2924 927 3006 pellice
944 2925 1039 2992 laeva

218 3006 325 3067 Uteris
341 3013 374 3067 ct
387 3008 506 3069 Veneri
521 3010 618 3067 servit
634 3011 729 3069 amica
743 3029 867 3089 manus,

174 3089 244 3148 Hoc
255 3088 335 3149 nibil
347 3108 416 3148 esse
428 3091 542 3170 putas?
554 3090 655 3152 scelus
668 3100 727 3173 est,
741 3095 816 3154 mihi
828 3092 933 3174 crede,
946 3096 1009 3158 sed
1019 3100 1088 3179 inge

221 3172 373 3246 Quantum
387 3174 437 3233 vix
450 3177 549 3235 auimo
565 3178 702 3257 concipis
716 3179 784 3257 ipse
798 3184 861 3240 tuo.

152 3253 296 3335 bNempe
311 3254 409 3315 semel
423 3258 533 3338 futuit,
556 3268 722 3338 generaret
735 3261 883 3321 Horatius
898 3269 933 3322 ut
946 3270 1039 3342 tren

218 3338 304 3398 Mars
319 3339 433 3420 semel,
454 3350 488 3403 ut
503 3345 640 3422 geminos
655 3344 710 3404 llia
724 3351 807 3405 casta
822 3345 919 3407 daret.

178 3419 288 3482 Omnia
300 3422 520 3506 perdiderant,
543 3429 570 3488 si
583 3430 789 3490 masturbatus
803 3435 937 3510 uterque
