2370 3924
91 245 156 311 274
415 244 460 306 M.
476 244 569 306 vni..
584 243 811 304 multamus

179 395 242 459 Sed
255 397 334 458 tiens
350 400 443 476 atque
458 412 584 473 gemens
598 395 677 453 tanti
691 400 785 472 negat
799 413 870 456 esse
887 394 1019 460 salutem

222 481 324 560 Seque
342 477 443 541 refert
456 480 560 560 potius
575 480 775 558 proposuisse
789 481 880 542 mori.
1044 498 1047 503 ·

156 566 237 628 oVir
249 568 355 643 rogat,
377 570 412 626 ut
425 564 506 623 vivat
520 560 636 623 virides
650 580 708 621 nec
725 561 854 624 deserat
867 585 984 646 annos,

219 650 261 710 lit
274 649 345 708 fieri
361 645 443 727 quod
457 649 517 706 iam
532 665 594 706 non
607 647 683 706 facit
695 646 764 726 ipse
779 648 865 709 sinit.

177 734 322 794 Protinus
338 730 488 792 accedunt
502 729 615 790 medici
626 729 827 810 medicaeque
843 733 1014 813 recedunt,

224 813 457 894 Tollunturque
473 812 581 894 pedes.
616 815 642 874 0
658 813 812 876 medicina
826 818 948 896 mavis!

558 947 677 1009 LXXII.

180 1064 291 1124 Drauci
303 1062 394 1124 Natta
409 1063 455 1122 sui
471 1066 560 1122 vocat
573 1061 747 1140 pipinnam,

179 1145 318 1209 Collatus
334 1149 382 1207 cui
398 1144 504 1206 Gallus
521 1150 569 1204 est
583 1144 722 1225 Priapus.

551 1278 683 1338 LXXlll.

182 1394 354 1457 Venturum
368 1395 452 1454 iuras
467 1412 591 1474 semper
606 1394 697 1469 mihi,
716 1391 841 1471 Lygde,
863 1395 988 1472 roganti

222 1477 454 1556 Constituisque
469 1479 575 1537 horam
591 1476 814 1555 constituisque
828 1475 945 1541 locum.

181 1562 257 1621 Cum
272 1561 388 1622 frustra
403 1563 482 1621 iacui
497 1558 590 1639 longa
604 1561 765 1641 prurigine
778 1567 902 1640 tentus,

225 1645 384 1706 Succurrit
398 1665 456 1726 pro
471 1652 504 1706 te
519 1663 612 1725 saepe
627 1645 752 1704 sinistra
767 1646 851 1707 mihi.

164 1727 268 1807 oQuld
283 1747 411 1811 precer,
434 1750 451 1789 o
466 1728 575 1807 fallax,
597 1729 716 1789 meritis
732 1736 765 1789 et
779 1731 917 1790 moribus
932 1730 1022 1791 latis?

224 1812 397 1874 Umbellam
411 1812 534 1893 luscae,
554 1811 678 1892 Lygde,
700 1813 783 1874 feras
800 1813 953 1875 dominae.

549 1947 685 2008 LXXIV.

181 2060 355 2121 Curandum
373 2080 483 2142 penem
500 2062 652 2120 commisit
666 2061 799 2121 Baccara
813 2061 954 2121 Graecus

226 2144 322 2205 lllvall
338 2146 466 2206 medico.
494 2146 626 2204 Baccara
642 2143 749 2204 Gallus
765 2146 833 2205 erit.

557 2278 679 2340 LXXV.

184 2392 289 2451 'Plreca
305 2399 405 2452 tectus
421 2394 537 2454 ahenea
550 2391 669 2453 lavatur

183 2475 315 2553 Tecum,
338 2474 460 2553 Caelia,
484 2496 606 2552 servus;
628 2472 767 2553 utquid,
791 2493 863 2552 oro,

181 2559 250 2619 Nou
265 2560 305 2618 sit
323 2579 389 2619 cum
405 2561 602 2620 citharoedus
617 2565 669 2619 aut
684 2556 871 2618 choraules?

181 2642 249 2704 Non
263 2644 325 2720 vis,
346 2650 381 2707 ut
393 2649 485 2723 puto,
507 2644 673 2704 mentulam
688 2642 805 2704 videre.

160 2729 283 2805 5Quarc
300 2748 366 2788 cum
381 2727 495 2809 populo
513 2726 624 2790 lavaris
641 2727 737 2805 ergo?

183 2813 296 2874 Omnes
312 2833 348 2871 an
365 2815 421 2873 tibi
436 2833 492 2874 nos
507 2833 608 2874 sumus
624 2810 798 2892 spadones?

181 2898 281 2976 Ergo,
302 2915 342 2956 ne
357 2896 489 2958 videaris
505 2897 661 2973 invidere,

183 2980 295 3058 Servo,
318 2979 440 3059 Caelia,
460 2978 584 3040 fibulam
599 2980 734 3039 remitte.

551 3113 685 3176 LXXVI.

184 3223 329 3300 Solvere,
352 3225 464 3301 Paete,
487 3224 594 3285 decem
612 3225 671 3284 tibi
685 3243 733 3283 me
749 3225 894 3285 sestertia
909 3224 1013 3303 cogis,

223 3307 402 3369 Perdiderit
418 3311 558 3388 quoniam
574 3309 674 3368 Bucco
690 3307 822 3368 ducenta
836 3309 902 3367 tibi.

181 3391 228 3451 Ne
243 3397 390 3469 noceant,
413 3413 483 3468 oro,
504 3394 579 3452 mihi
594 3413 654 3451 non
669 3411 737 3453 mea
752 3394 894 3452 crimina:
918 3398 952 3451 tu
967 3392 1023 3470 qui

224 3477 276 3536 Bis
292 3482 422 3536 centena
438 3483 527 3557 potes
543 3476 693 3556 perdere,
716 3475 814 3555 perde
832 3476 950 3535 decem.
