2370 3924
90 235 153 301 278
415 233 460 295 Μ.
474 233 568 297 VAL.
585 232 813 295 mnnvlnnis

573 434 651 496 xci

176 547 326 611 Aeolidos
342 549 462 609 Canace
475 549 558 609 inoet
569 549 630 608 hoc
647 543 797 609 tumulata
811 547 970 629 sepulcro,

218 631 335 695 Ultima
350 634 400 693 oui
412 651 525 712 parvae
539 633 671 712 septima
683 631 768 691 venit
780 631 891 692 hiems.

177 719 228 779 Ah
242 716 360 795 scelus,
382 717 421 776 nh
434 715 571 776 lacinus!
591 733 742 796 properas
757 713 833 794 quid
848 716 947 795 flere,
967 714 1075 777 viatori

222 800 290 861 Non
302 799 379 860 licet
392 801 444 860 hic
459 801 541 860 vitre
556 797 596 859 de
611 800 765 860 brevitate
779 800 880 877 queri.

155 884 318 949 tl'ristins
333 888 383 943 ert
396 882 462 944 leto
475 880 536 944 leti
550 901 665 962 genua:
686 881 817 943 horrida
830 880 935 944 voltur

220 965 359 1028 Abstulit
376 970 410 1027 et
423 971 535 1028 tenero
549 965 633 1028 redit
644 968 677 1026 in
693 985 749 1026 ore
762 965 855 1045 luea‚'

177 1052 308 1132 ipsaque
325 1047 468 1111 crudeles
483 1050 618 1112 ederunt
632 1048 738 1111 orcula
751 1051 869 1128 morbi,

220 1133 287 1195 Nec
302 1132 373 1195 data
387 1139 458 1195 aunt
472 1136 570 1214 nigris
583 1140 651 1195 tota
665 1133 780 1195 labella
793 1135 889 1214 rogis.

179 1217 213 1281 Si
226 1223 288 1278 tum
301 1219 467 1300 praecipiti
479 1218 605 1279 fuerant
618 1222 748 1280 ventura
762 1216 882 1298 volatu,

138 1313 171 1366 10
220 1302 401 1364 Debuerant
415 1301 477 1362 alln
490 1302 555 1363 fata
567 1303 676 1363 venire
690 1305 746 1366 via.

179 1383 243 1447 Sed
258 1405 341 1448 mors
356 1387 439 1447 vocis
455 1388 517 1447 lter
529 1389 708 1467 properavit
722 1384 850 1449 cludere
865 1383 1013 1464 blandae,

220 1469 268 1531 Ne
283 1478 390 1551 posset
406 1470 498 1531 duras
512 1471 643 1530 flectere
656 1467 761 1549 lingua
778 1469 860 1531 deas.
885 1486 890 1494 ·

572 1604 663 1665 XGli.

177 1715 332 1778 Mentitur
350 1715 403 1794 qui
417 1720 450 1775 te
464 1715 622 1793 vitiom,
643 1712 751 1793 zoile,
773 1713 859 1775 dicit.

219 1799 289 1860 Non
303 1799 429 1858 vitiosus
444 1799 535 1858 homo
550 1817 600 1877 es,
622 1797 728 1877 Zoile,
749 1797 807 1860 sed
820 1799 938 1861 vitium.

561 1933 665 1995 xciii.

179 2051 301 2111 Pierios
314 2052 392 2111 vatis
407 2050 569 2111 Theodori
582 2053 700 2112 flamma
714 2055 844 2132 penates

221 2119 368 2198 nostrin.
399 2135 468 2195 Hoc
483 2137 582 2196 Mun
598 2143 630 2196 et
645 2136 719 2213 tior,
741 2135 886 2212 Phoebe,
909 2131 1035 2214 placent

179 2220 205 2280 0
224 2219 342 2298 scelus,
365 2239 383 2280 o
401 2239 542 2298 maguum
558 2221 677 2281 facinus
694 2219 874 2297 crimenque
890 2216 1035 2295 deorum,

219 2305 288 2365 Non
304 2304 381 2364 arsit
394 2306 513 2384 puriter
530 2304 612 2383 quod
627 2302 733 2364 domus
748 2308 781 2363 et
796 2302 953 2361 dominus!

560 2438 668 2499 XCIV.

179 2545 268 2623 Quod
282 2547 409 2607 nimium
421 2546 498 2608 livea
512 2551 628 2609 nostris
644 2555 676 2609 et
686 2549 801 2629 ubique
814 2546 936 2609 libellis

221 2630 385 2710 Detrahis,
408 2634 551 2710 ignosco:
573 2650 669 2714 verpe
682 2639 792 2714 poeta,
815 2633 906 2713 sapis.

179 2715 248 2775 Hoc
264 2735 387 2796 quoque
402 2737 464 2778 non
480 2736 572 2796 curo,
599 2717 683 2798 quod
704 2737 771 2778 cum
786 2735 855 2776 men
870 2715 1005 2777 carmina
1020 2726 1114 2793 carpat,

221 2800 391 2882 Compilnsz
412 2808 445 2864 et
461 2804 522 2881 sic,
544 2821 639 2884 verpe
655 2810 764 2882 poeta,
782 2802 872 2882 sepis.

161 2882 266 2946 olllud
280 2904 330 2946 me
345 2889 479 2965 cruciat,
501 2884 634 2967 Solymis
651 2885 733 2965 quod
747 2891 836 2946 natur
850 2885 885 2944 in
898 2885 975 2964 ipsis

220 2968 369 3030 Pnedlcas
382 2988 528 3051 puerum,
543 2989 638 3051 verpe
652 2976 760 3051 poete,
782 2989 894 3032 meum.

177 3050 261 3113 Ecce
275 3072 370 3133 negas
385 3055 530 3133 iurasque
544 3056 620 3135 mihi
634 3072 692 3136 per
706 3051 824 3134 templu
839 3053 1001 3113 Tonantis.

219 3134 289 3195 Non
303 3136 412 3198 credo:
432 3140 515 3217 iura,
536 3157 648 3220 verpe,
670 3157 728 3218 per
741 3134 937 3199 Anchialum.

568 3286 661 3348 XCV.

178 3391 328 3453 Incideris
344 3394 488 3472 quotiens
502 3397 535 3456 in
552 3397 636 3456 basia
651 3394 850 3473 fellntorum,

221 3476 255 3536 ln
268 3476 377 3537 solium
391 3483 512 3558 putate
531 3497 691 3560 mergere,
712 3480 844 3553 Flnoce‚
866 3485 968 3559 capot.
