2370 3924
90 245 150 312 118
407 244 450 306 M.
469 243 561 307 VAL.
578 243 804 304 MARTIALIS

167 397 294 459 'Sedere
307 398 340 458 in
355 397 492 474 equitum
504 395 599 457 liceat
614 415 652 455 an
669 398 726 456 tibi
740 399 887 476 scamnis,

173 481 312 561 Videbo,
332 480 477 560 Didyme:
499 479 651 541 nonlicet
665 481 852 542 maritorum.

560 613 650 675 XLII.

175 710 314 773 Callidus
330 711 458 772 effracta
471 730 609 770 nummos
623 711 674 771 fur
688 712 809 772 auferet
824 733 910 791 arca,

215 797 400 856 Prosternet
413 796 529 874 patrios
543 796 636 874 Impia
650 797 769 855 flamma
781 794 880 856 lares:

173 881 304 939 Debitor
318 898 440 939 usuram
453 880 571 959 pariter
586 887 764 958 sortemque
779 881 921 961 negabit,

217 963 285 1028 Non
298 961 412 1023 reddet
427 961 545 1023 sterilis
559 964 676 1023 semina
691 964 771 1022 iacta
784 981 891 1042 seges:

152 1047 428 1126 5Dispensatorem
443 1044 536 1106 fallax
551 1047 695 1126 spoliabit
710 1048 822 1125 amica,

216 1130 376 1191 Mercibus
392 1136 547 1192 extructas
562 1132 674 1199 obruet
684 1129 766 1190 unda
780 1137 874 1191 rates.
951 1185 955 1191 .

110 1196 116 1287 I
172 1214 269 1274 Extra
283 1216 437 1274 fortunam
452 1220 516 1290 est,
538 1216 563 1274 si
580 1213 655 1293 quid
669 1212 800 1275 donatur
815 1215 938 1275 amicis:

113 1292 119 1389 ι
216 1299 297 1375 Quas
312 1298 452 1376 dederis,
474 1297 555 1358 solas
571 1316 694 1377 semper
707 1299 835 1359 habebis
850 1317 935 1378 open

533 1402 537 1408 ’
555 1431 659 1495 narn.

174 1530 269 1591 'I'haia
284 1530 378 1592 habet
391 1531 512 1609 nigros,
531 1531 637 1589 niveos
650 1530 801 1590 Laecania
815 1529 935 1596 dentes.

216 1615 300 1691 Quae
315 1615 394 1675 ratio
412 1615 482 1675 est?
510 1614 638 1695 Emptos
652 1615 729 1674 baec
744 1616 854 1691 habet,
875 1613 932 1675 illa
947 1635 1032 1680 auos.

556 1747 662 1810 XLIV.

172 1844 253 1922 Quid
267 1845 382 1904 factum
398 1849 461 1921 est,
483 1863 574 1923 rogo,
595 1843 669 1924 quid
682 1851 813 1924 repente
829 1845 1028 1927 factumest,

172 1928 222 1988 Ad
236 1947 342 1988 cenam
358 1929 450 2005 mihi,
473 1928 590 2006 Dento,
614 1927 697 2008 quod
710 1930 847 2006 vocanti,
860 1961 904 1978 -

61 2038 64 2045 ·
173 2013 248 2089 Quis
264 2009 391 2072 credat?
405 2045 447 2054 —-
463 2018 572 2091 quater
588 2031 676 2072 ausus
692 2031 726 2073 es
740 2014 876 2091 negare?

172 2094 235 2156 Sed
249 2115 308 2156 nec
324 2097 455 2176 respicis
468 2102 501 2155 et
514 2097 595 2175 fugis
611 2103 810 2176 sequentem,

149 2181 270 2257 aquem
287 2180 416 2240 thermis
431 2179 521 2240 modo
538 2198 689 2259 quaerere
705 2187 738 2239 et
752 2181 882 2241 theatris

171 2265 212 2324 Et
228 2264 421 2325 conclavibus
436 2265 576 2324 omnibus
591 2262 720 2324 solebas.

172 2348 223 2407 Sic
238 2357 302 2427 est,
324 2355 430 2428 captus
446 2347 480 2408 es
495 2349 637 2407 unctiore
652 2366 756 2407 mensa

170 2433 212 2491 Et
225 2433 321 2491 maior
336 2434 439 2512 rapuit
454 2451 559 2492 canem
575 2431 683 2493 culina.

170 2516 232 2576 lam
248 2523 297 2593 te,
319 2515 379 2575 sed
391 2517 468 2594 cito,
491 2516 646 2593 cognitum
661 2521 692 2574 et
708 2513 853 2575 relictum

128 2610 163 2662 10
169 2600 245 2659 Cum
261 2600 429 2659 fastidierit
442 2600 555 2680 popina
568 2596 669 2677 dives,

169 2684 324 2763 Antiquae
339 2684 445 2744 venies
460 2683 499 2744 ad
513 2701 581 2742 ossa
598 2701 701 2742 cenae.

553 2817 646 2880 XLV.

169 2918 252 2978 Dicis
268 2918 450 2994 formosam,
474 2916 551 2975 diois
566 2923 615 2994 te,
637 2917 747 2995 Bassa,
762 2913 908 2996 puellam.

77 3001 81 3006 ’
167 3001 253 3062 Istud
272 3019 350 3079 qnae
365 3019 427 3059 non
443 3005 491 3059 est
506 2996 628 3077 dicere,
650 3001 758 3079 Dassa,
782 2994 891 3060 solet'

554 3133 660 3197 XLVI.

168 3231 258 3290 Baria
273 3229 345 3290 dum
358 3228 432 3291 nolo
448 3233 508 3292 nisi
524 3251 602 3311 quae
617 3231 768 3292 luctantia
784 3233 901 3312 carpsi,

209 3315 251 3374 Et
263 3313 367 3394 placet
379 3316 427 3375 ira
440 3316 516 3375 mihi
530 3314 601 3395 plus
617 3324 683 3393 tua,
707 3335 795 3395 quam
811 3316 923 3394 facies,

167 3397 212 3459 Ut
226 3404 258 3458 te
273 3416 366 3478 saepe
381 3418 504 3478 rogem,
527 3399 639 3476 caedo,
660 3398 866 3478 Diadumene,
889 3418 997 3478 saepe:

212 3483 393 3562 Consequor
407 3485 482 3560 hoc,
504 3489 540 3543 ut
553 3503 602 3543 me
617 3503 675 3544 nec
691 3485 815 3555 timeas,
837 3503 896 3543 nec
911 3502 1004 3545 ames.
