2346 3938
126 260 191 327 ss)
449 261 494 325 M.
511 262 603 325 VAL.
619 262 846 324 MAlll’ldLlS

609 464 687 527 Vlll.

212 578 372 658 Tanquam
386 597 480 658 parva
496 577 581 637 foret
597 595 687 637 sexus
700 577 814 637 ἰιιίιιιίι
828 577 927 639 nostrl

252 660 438 723 Foedandos
453 660 567 742 populo
582 661 781 741 prostituisse
795 679 915 739 mares,

211 746 273 808 lam
289 763 385 806 cunae
401 743 525 805 lenonis
537 751 643 822 erant,
665 751 700 804 ut
713 745 750 805 ab
764 745 863 804 ubere
879 751 984 828 raptus

255 827 388 889 Sordida
402 829 505 907 vagitu
521 834 668 909 posceret
682 846 754 888 aera
769 845 857 909 puer.

192 914 376 976 olmmatura
390 910 504 972 dabant
516 911 657 973 infandas
673 931 805 993 corpora
818 929 944 992 poenas.
1034 953 1036 958 -

253 995 322 1057 Non
337 994 409 1055 tulit
424 997 576 1056 Ausonius
589 994 663 1055 talia
677 1002 815 1056 monstra
828 1002 936 1075 pater,

210 1080 296 1142 Idem
312 1080 365 1158 qui
380 1079 498 1139 teneris
513 1098 613 1161 nuper
628 1081 781 1140 succurrit
794 1079 940 1160 ephebis,

252 1162 300 1224 Ne
313 1163 434 1223 faceret
449 1162 575 1223 steriles
591 1182 680 1224 saeva
692 1161 792 1223 libido
806 1165 898 1224 viros.

212 1247 358 1308 Dilexere
373 1247 460 1327 prius
474 1249 564 1327 pueri
578 1249 768 1327 iuvenesque
782 1263 951 1324 senesque,

171 1343 205 1395 lo
254 1332 296 1393 At
310 1350 391 1392 nunc
405 1331 540 1391 infantes
553 1337 586 1391 te
602 1349 741 1412 quoqne,
763 1331 894 1408 caesar,
917 1334 1017 1390 amurt.

619 1465 670 1526 IX.

212 1576 263 1640 Nil
277 1579 335 1638 tibi
348 1575 463 1657 legavit
476 1577 607 1654 Fabius,
628 1576 811 1655 Bithynice,
833 1575 884 1634 cni
897 1581 931 1635 tu

253 1662 379 1738 Annua,
400 1663 426 1720 si
443 1661 583 1738 memini,
604 1659 688 1721 milia
702 1677 776 1719 sena
791 1657 893 1719 dabas.

120 1764 124 1772 ·
211 1743 286 1805 Plus
300 1744 379 1806 nulll
393 1743 481 1805 dedit
494 1742 566 1804 ille:
589 1745 693 1824 queri,
713 1743 895 1823 Bithynice,
913 1739 993 1803 nolia

178 1876 185 1892 ,
253 1829 362 1889 Annua
374 1826 489 1907 legavit
503 1825 588 1888 milla
604 1846 677 1888 sena
690 1828 758 1888 tibi.

628 1961 665 2022 X.

213 2075 330 2155 (lenes,
353 2077 524 2156 Canthace,
547 2097 615 2138 curn
628 2078 705 2136 foris
719 2073 873 2154 libenter,

213 2158 332 2222 Clamas
346 2167 379 2220 et
393 2160 551 2220 maledicis
567 2167 600 2220 et
613 2161 747 2220 minaris.

211 2244 354 2325 Deponas
371 2246 486 2304 animos
502 2252 623 2322 truces,
644 2262 816 2303 monemus:

211 2327 307 2388 Liber
321 2348 383 2388 non
398 2334 488 2407 potes
506 2334 539 2387 et
552 2327 676 2406 gulosus
692 2345 770 2389 esse.

623 2461 674 2523 Xl.

209 2573 331 2634 Nomen*
344 2594 411 2633 cum
426 2573 514 2634 violis
529 2577 670 2653 rosisque
686 2583 806 2654 natum,

212 2657 279 2732 Quo
292 2677 364 2739 pars
384 2660 498 2737 optima
512 2660 685 2719 nominatur
699 2662 788 2738 anni,

210 2741 343 2821 Hyblam
359 2742 442 2822 quod
456 2745 536 2823 sapit
549 2744 732 2822 Atticosque
747 2745 862 2822 fiores,

211 2826 300 2901 Quod
314 2827 404 2887 nidos
421 2826 484 2888 olet
499 2828 580 2887 alitis
595 2831 763 2907 superbae;

188 2909 333 2971 5Nomen
346 2918 473 2971 nectare
490 2910 610 2970 dulcius
628 2911 735 2989 beato,

211 2993 277 3068 Quo
293 2994 398 3055 mallet
414 2993 547 3073 Cybeles
565 3014 643 3073 puer
657 2996 760 3054 vocari

210 3077 253 3134 Et
267 3078 319 3154 qui
332 3076 443 3155 pocula
457 3076 611 3157 temperat
626 3078 776 3138 Tonanti:

209 3158 298 3233 Quod
315 3161 341 3218 si
353 3159 516 3220 Parrhasia
530 3180 622 3220 sones
637 3163 670 3220 in
686 3162 768 3237 aula,

208 3241 411 3321 Respondent
425 3244 567 3306 Veneres
585 3245 834 3324 Cupidinesque3

167 3324 327 3387 10Nomen
343 3327 465 3404 nobile,
487 3327 599 3405 molle,
623 3328 786 3389 delicatum

210 3408 312 3470 Versu
328 3408 434 3470 dicere
449 3431 511 3472 non
526 3412 597 3472 rudi
611 3411 765 3473 volebam:

211 3491 275 3551 Sed
289 3500 323 3553 tu
339 3491 457 3574 syllaba
472 3504 632 3556 contumax
647 3513 809 3576 repugnas.
