2370 3924
225 291 229 297 .
338 208 679 280 naroaammron
692 219 767 283 nn.
781 219 830 282 m
1063 224 1105 288 aa

145 371 212 431 Nec
227 370 312 430 venit
325 371 425 429 inanis
438 370 572 428 rusticus
588 367 754 431 salutator:

144 456 224 515 Fert
239 452 295 513 ille
310 455 391 512 ceris
408 472 482 512 cana
498 472 566 511 cum
585 454 648 512 suis
664 451 757 512 mella

102 539 325 616 35Metamque
340 535 430 596 lactis
446 536 602 596 Sassinate
617 536 657 597 de
673 536 767 612 silva3

146 619 377 681 Somniculosos
395 618 452 679 ille
466 621 599 699 porrigit
611 618 724 697 glires,

145 705 207 765 Hic
219 706 392 784 vagientem
405 704 512 762 matris
527 703 668 782 hispidae
682 704 799 783 fetum,

146 787 236 848 Alius
251 793 374 848 coactos
388 806 451 847 non
465 805 567 846 amare
584 805 726 866 capones.

143 873 187 932 Et
201 871 281 931 dona
294 876 425 931 matrum
438 871 550 930 vimine
565 871 702 931 offerunt
714 876 800 931 texto

101 954 288 1018 onerandas
302 956 470 1036 proborum
483 955 618 1032 virgines
633 953 823 1018 colonorum.

145 1040 241 1099 Facto
253 1049 384 1098 vocatur
396 1039 497 1100 laetus
512 1057 609 1119 opere
623 1039 757 1113 vicinum

146 1122 212 1182 Nec
226 1142 316 1182 avara
329 1129 433 1183 servat
447 1124 596 1182 crastinas
611 1121 706 1200 dapes
724 1140 845 1201 mensa,

145 1207 323 1267 Vescuntur
337 1224 443 1266 omnes
459 1206 608 1284 ebrioque
624 1224 687 1264 non
700 1208 787 1266 norit

147 1289 239 1349 Satur
253 1290 396 1349 minister
408 1287 549 1349 invidere
565 1290 719 1351 convivae.

99 1373 186 1436 aaut
200 1380 234 1432 tu
249 1375 305 1433 sub
320 1375 398 1433 urbe
412 1372 555 1453 possides
569 1373 683 1434 famem
698 1371 840 1433 mundani

144 1458 187 1518 Et
199 1462 288 1517 turre
303 1458 340 1517 ab
357 1455 420 1517 alta
432 1459 586 1536 prospicis
602 1475 703 1517 meras
719 1453 840 1535 laurus,

143 1542 258 1601 Furem
271 1541 384 1621 Priapo
398 1560 462 1600 non
476 1541 606 1601 timente
624 1558 767 1614 securus3

144 1626 187 1686 ut
199 1627 364 1686 vinitorem
376 1626 462 1684 farre
476 1626 577 1705 pascis
592 1626 710 1683 urbano
826 1630 829 1634 “

144 1708 324 1788 Pictamque
338 1716 444 1790 portas
460 1710 577 1768 otiosus
593 1707 632 1767 ad
646 1705 750 1768 uillam

99 1791 236 1870 500lus‚
259 1813 331 1870 ova,
352 1791 469 1873 pullos,
490 1812 595 1872 poma,
618 1810 757 1869 caseum,
771 1799 913 1854 mustum.

109 1945 112 1948 ⁴
143 1876 207 1936 Rus
220 1877 280 1936 hoc
294 1878 397 1937 vocari
413 1875 524 1954 debet,
546 1896 585 1936 an
600 1875 707 1935 domus
720 1875 835 1954 longe?

537 1989 614 2052 LlX.

145 2088 240 2148 Sutor
258 2087 352 2149 cerdo
369 2086 457 2149 dedit
469 2090 544 2166 tibi,
567 2086 649 2147 culta
661 2088 816 2166 Bononia,
835 2107 961 2166 munus,

184 2171 277 2234 Fullo
293 2171 381 2233 dedit
394 2172 552 2233 Mutinae:
574 2191 656 2232 nunc
673 2172 727 2231 ubi
742 2190 820 2252 copo
836 2170 943 2231 dabit?

552 2307 619 2368 Lx.-

146 2403 223 2463 oum
235 2421 330 2463 vocer
344 2402 383 2463 ad
395 2421 501 2464 cenam
512 2423 575 2463 non
592 2405 650 2464 iam
667 2403 783 2465 venalis
797 2410 832 2464 ut
847 2410 934 2482 ente,

186 2487 251 2546 Cur
264 2489 339 2547 mihi
352 2507 415 2547 non
431 2488 563 2566 eadem‚'
578 2507 656 2567 quac
670 2491 744 2567 tibi,
765 2507 841 2548 cena
856 2486 967 2549 datar?

144 2569 257 2630 Ostrea
270 2577 304 2631 tu
319 2573 412 2631 sumis
427 2579 534 2650 stagno
550 2580 686 2633 saturata
703 2573 854 2651 Lucrino,

186 2653 313 2732 Sugitur
326 2657 424 2716 inciso
440 2656 563 2716 mitulus
578 2676 633 2718 ore
648 2658 732 2717 mihi.

117 2736 223 2799 bsunt
235 2739 295 2798 tibi
309 2738 423 2818 boleti,
442 2740 554 2817 fungos
568 2759 625 2818 ego
640 2759 726 2800 sumo
741 2738 864 2800 suillosr

184 2822 247 2881 Res
260 2824 318 2883 tibi
333 2843 400 2904 cum
415 2825 544 2901 rhombo
562 2830 626 2902 est,
649 2830 680 2883 at
692 2824 768 2883 mihi
784 2842 852 2881 cum
866 2821 1001 2903 sparulo.

142 2905 265 2965 Aureus
279 2907 451 2968 immodicis
461 2913 571 2971 ¹turtur
584 2913 617 2967 te
633 2906 774 2966 clunibus
788 2905 914 2987 implet,

183 2989 314 3051 Ponitur
328 2995 362 3053 in
376 3011 467 3052 cavea
480 2998 600 3052 mortua
613 2994 682 3072 pica
696 2993 780 3051 mihi.

142 3072 207 3134 Gur
220 3074 288 3135 sine
302 3081 335 3136 te
351 3093 445 3154 ceno,
467 3096 535 3135 cum
550 3082 668 3155 tecum,
689 3075 836 3152 Pontice,
858 3073 989 3135 cenem?

97 3168 135 3221 10
182 3157 328 3239 Sportula
343 3159 425 3239 quod
438 3179 501 3220 non
516 3167 580 3238 est,
601 3163 718 3242 prosit:
738 3158 863 3220 edamus
876 3158 970 3223 idem.

119 3351 123 3357 ⁸
141 3321 221 3430 Esse
236 3369 316 3431 nihil
331 3370 408 3432 dicis
424 3275 688 3452 quidquildxpletis,
708 3373 850 3451 improbe
864 3372 978 3433 Cinna:

187 3454 221 3514 Si
236 3454 299 3534 nil,
314 3457 430 3554 Cinna,
444 3459 543 3538 petis,
562 3456 607 3518 nil
622 3459 695 3535 tibi,
720 3458 834 3534 Cinna,
855 3474 947 3536 nego.
