2370 3924
289 246 630 311 EPIGRAMMATON
645 248 720 311 LIB.
738 250 818 312 VIII.
1013 249 1074 314 183

482 449 619 511 XXXIII.

108 570 159 629 Ile
174 565 363 647 praetoricia
376 560 487 623 folium
501 563 593 642 mihi,
613 562 728 642 Paule,
751 583 866 625 corona

152 650 255 712 Mittis
271 655 305 708 et
316 648 377 708 hoc
390 644 514 728 phialae
528 666 642 706 nomen
655 649 772 708 habere
787 649 886 711 iubes.

106 735 177 797 Hac
188 734 296 794 fuerat
308 749 409 811 nuper
422 729 535 790 nebula
549 732 608 791 tibi
623 749 732 811 pegma
746 739 946 813 perunctum,

154 814 276 879 Pallida
293 835 383 895 quam
397 816 485 875 rubri
501 812 593 874 diluit
607 815 689 875 unda
704 827 798 876 croci.

82 903 163 968 §Aa
176 901 273 980 magis
287 901 380 960 astuti
395 898 506 959 derasa
520 904 569 958 est
584 917 686 978 ungue
702 901 837 960 ministri

152 987 300 1062 Bractea,
322 982 362 1042 de
376 983 477 1043 fulcro
492 1001 581 1061 quam
596 1001 670 1043 reor
684 1002 754 1044 esse
770 985 846 1045 tuo?

109 1070 168 1132 IIIa
181 1073 288 1149 potest
302 1065 432 1127 culicem
445 1065 539 1144 longe
554 1068 673 1128 sentire
687 1068 841 1130 volantem

152 1154 195 1215 Et
208 1153 327 1212 minimi
341 1152 435 1231 pinna
448 1149 615 1231 papilionis
631 1153 688 1230 agi.

108 1239 249 1316 Exiguae
265 1233 376 1303 volitat
389 1252 538 1315 suspensa
551 1254 666 1314 vapore
681 1234 830 1297 lucernae

62 1334 101 1387 10
151 1322 195 1382 Et
206 1318 323 1380 leviter
336 1319 406 1379 fuso
421 1320 574 1399 rumpitur
589 1321 651 1380 icta
665 1337 761 1380 mero.

106 1406 180 1466 Hoc
192 1403 304 1477 linitur
318 1409 408 1483 sputo
425 1403 490 1462 lani
505 1409 630 1482 caryota
644 1402 809 1481 Kalendis,

155 1489 251 1565 Quam
265 1487 331 1547 iert
344 1506 412 1547 cum
427 1506 520 1567 parco
536 1484 680 1547 sordidus
695 1506 763 1547 asse
777 1486 883 1549 cliens.

105 1574 210 1635 Lenta
224 1572 324 1632 miuus
340 1570 448 1649 gracili
463 1570 608 1631 crescunt
623 1570 773 1631 colocasia
788 1571 858 1650 filo,

67 1714 72 1720 .
157 1654 257 1717 Plena
270 1656 366 1734 magis
380 1655 474 1714 nimio
489 1651 556 1714 lilia
571 1653 638 1714 sole
654 1654 782 1714 cadunt:

62 1741 177 1806 leec
191 1758 266 1819 uaga
278 1745 342 1798 tam
357 1739 445 1799 tenui
460 1737 608 1798 discurrit
622 1757 734 1799 aranea
748 1736 828 1817 tela,

156 1825 233 1885 Tam
247 1822 318 1884 leve
332 1840 391 1882 nec
405 1824 538 1901 bombyx
551 1820 706 1902 pendulus
722 1829 813 1902 urget
827 1843 912 1905 opus.

13 1918 19 1923 “
110 1910 256 1972 crassior
269 1909 302 1968 iu
317 1907 398 1967 facie
413 1905 535 1966 vetulae
551 1913 613 1967 stat
627 1914 714 1967 creta
727 1905 891 1990 Fabullae,

155 1993 298 2054 Crassior
313 1991 451 2061 offensae
465 1989 550 2051 bulla
565 1993 710 2053 tumescit
725 2011 838 2071 aquae3

108 2077 240 2138 Fortior
259 2081 291 2136 et
304 2080 405 2134 tortos
420 2081 522 2135 servat
537 2077 639 2135 vesica
653 2075 783 2155 capillos

58 2171 103 2225 20
153 2161 195 2221 ut
208 2165 306 2220 mutat
323 2157 427 2218 Latias
442 2178 548 2238 spuma
563 2159 677 2219 Batava
693 2178 802 2219 comas.

110 2244 180 2305 Hac
198 2248 269 2304 cute
282 2240 407 2302 Ledaeo
421 2243 555 2302 vestitur
568 2240 673 2321 pullus
687 2243 719 2301 iu
734 2261 808 2318 ovo,

98 2338 103 2343 ’
157 2325 248 2387 ΤιῙίιι
261 2325 365 2386 lunata
379 2324 497 2404 splenia
512 2326 616 2385 fronte
633 2324 752 2388 sedent.

112 2411 197 2489 Quid
210 2411 269 2471 tibi
284 2429 351 2470 cum
365 2407 484 2489 phiala,
506 2407 632 2487 ligulam
648 2429 716 2470 cum
731 2411 856 2470 miltere
869 2410 987 2491 possis,

155 2495 287 2556 Mittere
303 2513 371 2554 cum
385 2493 485 2573 possis
499 2491 550 2553 vel
566 2495 730 2556 cochleare
745 2494 843 2554 mihil

59 2578 228 2658 25Magua
240 2579 330 2638 nimis
344 2575 515 2656 loquImur,
538 2577 695 2638 cochleam
711 2599 778 2638 cum
792 2581 919 2639 mittere
936 2577 1051 2658 possIs3

155 2663 298 2742 Denique
314 2681 382 2721 cum
396 2663 497 2743 possis
511 2663 654 2739 mittere,
677 2661 790 2740 Paule,
810 2663 897 2726 nihil.

484 2831 622 2893 XXXIV.

110 2963 330 3042 Archetypum
343 2963 435 3042 Myos
451 2965 610 3040 argentum
626 2966 658 3020 te
673 2957 751 3019 dieis
765 2960 892 3020 habere.

91 3050 95 3055 ’
157 3045 249 3122 Quod
264 3048 331 3107 siue
348 3052 381 3105 te
396 3047 511 3106 factum
527 3050 592 3124 eat,
614 3045 674 3105 hoc
689 3045 784 3123 magIs
800 3044 1000 3123 archetypum
1015 3055 1073 3107 est.

493 3201 618 3264 XXXV.

108 3331 193 3394 cum
207 3330 276 3390 sitis
291 3328 407 3390 similes
422 3347 576 3410 paresque
591 3331 669 3407 vita,

107 3415 200 3477 leor
215 3415 366 3495 pessima,
384 3415 536 3495 pessimus
550 3414 695 3490 maritus,

107 3499 234 3580 Miror,
251 3518 315 3559 nou
328 3500 410 3559 bene
426 3497 592 3558 convenire
606 3496 703 3559 vobis.
