2370 3924
282 227 624 294 EPIGRAMMATON
637 229 711 292 LlB.
725 230 807 292 xiv.
1004 227 1068 296 337

300 431 404 495 cmv.
426 431 537 494 Lanae
552 433 789 514 amaricatione.

110 532 208 595 Ialbria
223 529 370 591 Sidoniae
387 550 455 591 cum
470 532 526 591 aim
541 531 581 592 de
596 533 745 610 sanguiue
761 532 913 611 conchae,

150 614 221 676 Non
234 612 344 712 uldeo‚
365 633 461 693 qnare
475 617 579 676 sobria
591 614 661 676 lana
674 633 776 677 vocer.

377 748 468 812 ch.
492 748 604 811 Lanae
617 750 717 811 albae,

107 847 287 913 Velleribus
301 848 409 929 pulmir
425 848 574 928 Appulia,
596 849 706 909 Parma
719 847 863 910 secundia

148 931 285 993 Nobfln:
307 929 446 993 Altinum
461 933 557 994 tertia
568 930 675 993 laudat
689 934 762 992 ovio.

354 1065 456 1129 CLVI.
481 1065 590 1127 Lam
610 1067 732 1146 lyrico.

106 1166 171 1227 Nor
184 1164 448 1227 Lacedaemoniae
462 1171 570 1244 partor
585 1163 709 1224 donavit
723 1165 846 1227 amicae.

149 1251 296 1312 Deterior
309 1248 414 1309 Ledae
428 1267 565 1329 pur-pura
578 1249 685 1308 matris
700 1254 776 1309 erat.

308 1382 425 1446 GLVII.
448 1382 558 1444 Lanae
571 1383 776 1443 Pollentinae.

105 1483 177 1545 Non
190 1488 308 1544 tantum
321 1479 406 1562 pullo
419 1479 563 1559 lugentes
576 1479 695 1540 vellere
710 1478 813 1556 lanan,

148 1566 213 1628 Sed
226 1564 308 1627 nolet
323 1570 355 1625 et
371 1561 484 1625 calices
498 1565 575 1625 haec
591 1563 665 1624 dare
680 1570 765 1624 terra
786 1581 869 1623 suos.

369 1734 372 1738 ·
427 1697 557 1761 CLVIII.
577 1699 673 1760 Idem.

104 1799 190 1860 Lana
204 1796 329 1876 quidem
344 1795 461 1874 triatIa,
482 1794 539 1856 aed
552 1787 649 1856 tonaio
663 1801 737 1856 ueta
754 1795 923 1873 miniatem,

148 1878 264 1960 Quales
279 1899 341 1941 non
355 1881 456 1960 palmo
475 1878 519 1940 de.
531 1898 626 1959 grege
642 1898 748 1940 mensa
766 1878 850 1941 citat.

267 2014 369 2076 cmx.
395 2014 581 2076 Tomentum
597 2013 819 2078 Leucomccm.

105 2112 283 2197 Oppreahae
298 2113 425 2172 nIqum
438 2111 540 2171 vicina
554 2118 603 2171 ert
616 2112 712 2171 fascia
725 2110 869 2190 plumae?

147 2195 276 2261 Vellera
291 2196 474 2256 Leuconicis
490 2195 596 2274 accipe
613 2214 683 2254 rasa
697 2196 786 2272 ragis.

185 2377 190 2384 .
308 2328 397 2391 ch.
422 2327 606 2390 Tomentum
623 2325 777 2388 Circense.

109 2429 297 2490 Tomentum
313 2428 435 2488 concisa
448 2425 537 2508 palus
554 2426 703 2486 Circense
717 2433 854 2487 vocatur.

148 2513 234 2574 Ilaec
248 2533 306 2595 pro
321 2509 496 2572 Leuconico
511 2512 657 2571 atramiua
671 2528 788 2591 pauper
805 2511 889 2572 emit.

417 2645 520 2709 chl.
544 2644 665 2706 Pluma.
690 2656 692 2658 ’

102 2749 217 2809 Lamus
232 2743 398 2825 Amyclaea
415 2744 534 2824 poteris
549 2746 749 2822 requiescere
767 2743 886 2824 pluma,

146 2832 279 2892 Interior
295 2830 385 2909 cygni
401 2847 490 2908 quam
506 2828 563 2887 tibi
576 2825 645 2887 lana
662 2826 758 2889 dedit.

397 2961 512 3023 CLXII.
536 2961 682 3022 Faenum.

101 3062 259 3127 Fraudata
275 3070 391 3124 tumeat
404 3061 524 3142 fragilia
540 3063 599 3122 tibi
614 3059 726 3120 culcita
739 3058 828 3119 mula.

146 3148 216 3209 Non
231 3149 316 3209 venii
333 3145 372 3206 ad
387 3146 480 3208 durna
494 3145 609 3228 pallida
624 3165 697 3204 cura
710 3151 806 3205 toros.

330 3280 458 3342 CLXIII.
486 3277 751 3342 mariambulum.

100 3380 213 3444 Redde
227 3380 337 3463 pilam:
356 3387 445 3442 sonat
460 3399 511 3441 aea
527 3382 725 3440 thermarum.
753 3379 878 3443 Ludere
893 3375 1021 3459 pergis?

143 3466 274 3545 VirgIne
288 3466 333 3526 via
350 3464 416 3526 oola
430 3464 513 3525 lotus
532 3466 617 3525 abire
633 3463 763 3526 domum.

99 3550 213 3613 Maur.
823 3545 876 3605 ³29.
