2370 3924
91 247 155 315 296
415 249 459 311 Μ.
474 249 567 312 VAL.
582 248 809 311 MARTIALIS

217 401 286 461 Non
302 402 364 462 erit
377 403 411 461 iu
427 401 533 480 Stygia
547 400 651 460 notior
670 402 777 461 umbro
792 399 893 466 domo.

176 486 245 547 Non
260 483 363 545 alieno
374 483 477 562 videt,
499 483 557 544 sed
570 491 651 544 amat
664 485 855 565 Proserpina
867 492 993 568 roptssr

217 568 280 629 lste
293 561 352 629 tim
367 567 518 628 dominnm
535 565 709 629 conciliavit
723 588 817 629 umor.

575 701 650 764 L111.

175 813 297 873 Nummi
311 831 379 872 cum
393 813 451 873 tibi
466 813 528 873 siut
542 830 680 892 opesque
694 818 815 891 tentos,

178 897 312 974 Quantos
328 898 402 956 civis
417 898 529 974 hehet,
551 897 703 974 Paterno,
723 917 829 974 rarus,

176 980 314 1058 Largiris
326 978 406 1039 nihil
421 981 611 1059 incubasque
626 978 735 1059 gazae,

176 1064 219 1124 Ut
233 1082 359 1141 maguus
375 1063 486 1141 ιίιιοο,
509 1082 599 1142 quom
614 1069 727 1124 canunt
741 1070 853 1145 poetae

155 1145 347 1208 scustodcm
363 1147 501 1227 Scythici
514 1148 611 1208 luisse
625 1147 697 1211 luci.

177 1229 241 1292 Sed
257 1250 361 1309 conso,
383 1239 418 1291 ut
432 1250 584 1292 memores
599 1239 632 1291 et
647 1233 715 1312 ipse
729 1231 840 1309 iectus,

177 1316 269 1375 Dirce
284 1314 367 1375 filius
382 1334 416 1375 es
430 1317 616 1395 rapacitatis.

176 1398 297 1479 Ecquid
312 1405 346 1459 tu
360 1400 461 1459 fatuos
475 1397 632 1478 rudesque
647 1400 786 1479 quoeris,

176 1482 289 1542 llludos
307 1485 417 1563 quibus
432 1483 616 1562 auferasque
630 1482 789 1543 mentem?

136 1577 169 1629 10
177 1568 258 1627 Huic
273 1585 398 1648 semper
411 1569 487 1627 vitio
501 1572 592 1648 puter
604 1568 700 1628 fuisti.

572 1700 649 1764 niv.

177 1812 272 1874 Crine
287 1814 399 1892 ruber,
420 1815 509 1892 niger
524 1833 595 1892 ore,
617 1814 720 1875 brevis
734 1813 832 1893 pede,
854 1810 1102 1898 lunisonem,

217 1895 294 1955 Rem
309 1917 446 1975 maguam
459 1905 615 1978 praestus,
638 1896 745 1976 Zoilo,
768 1899 793 1957 si
808 1898 907 1958 honus
924 1917 970 1963 cs.

582 2031 645 2093 LV.

179 2142 284 2201 Gratis
301 2141 353 2219 qui
370 2138 444 2199 dare
460 2161 513 2201 vos
527 2143 630 2220 iubet,
650 2142 790 2223 puellae,

177 2224 399 2285 insulsissimus
413 2225 719 2304 improbissimusque
735 2234 792 2290 est.

179 2310 283 2369 Gratis
298 2328 338 2367 ne
355 2307 443 2385 date,
465 2311 583 2368 basiate
598 2312 703 2388 gratis.

176 2393 245 2451 Hoc
259 2392 358 2469 Aegle
373 2398 484 2471 negot²
503 2394 563 2453 hoo
577 2413 665 2453 svera
678 2393 794 2455 vendit.

140 2474 239 2552 5[Sed
253 2474 366 2535 vendet
380 2476 479 2552 hene,
501 2478 621 2536 basiare
638 2485 782 2555 quantum
797 2479 867 2537 est?

177 2560 246 2619 Hoc
260 2557 366 2619 vendit
382 2578 505 2636 quoque
520 2578 578 2619 nec
592 2559 655 2620 levi
672 2562 806 2641 rupium]

176 2645 239 2704 Aut
251 2642 363 2704 librum
378 2643 459 2723 petit
470 2642 524 2702 illo
540 2645 711 2722 Cosmiani,

176 2729 239 2788 Ant
253 2730 343 2789 binos
359 2732 469 2805 quater
484 2747 501 2786 a
514 2747 593 2788 novo
605 2735 742 2789 moneta:

176 2811 223 2872 Ne
238 2814 301 2872 sint
315 2813 399 2871 busin
413 2818 496 2870 mute
511 2831 569 2872 nec
585 2811 733 2890 maligno,

42 2952 45 2955 .
136 2896 241 2958 10Neo
256 2896 348 2957 clusis
369 2893 483 2955 editum
497 2902 592 2974 neget
606 2895 740 2956 labellis.

176 2980 317 3039 Humane
332 2985 436 3038 tomen
449 2980 509 3039 hoc
522 2980 613 3058 facit,
636 2981 692 3040 sed
706 2999 814 3039 uuum:

178 3063 282 3122 Gratis
298 3081 375 3141 quse
392 3060 466 3121 dere
481 3063 598 3123 hosium
612 3069 750 3140 recusat,

177 3146 281 3206 Gratis
294 3145 417 3225 lingere
432 3165 490 3206 nec
506 3154 629 3208 recuset
645 3146 753 3226 Aegle.

574 3282 652 3345 LVI.

177 3390 330 3468 Aegrotas
343 3410 404 3451 nno
423 3391 549 3454 deciens
564 3401 616 3454 sut
630 3395 751 3474 saepius
768 3413 862 3471 anuo,

216 3472 284 3536 Nec
296 3475 372 3556 tibi,
395 3475 452 3536 sed
467 3479 558 3538 nohis
573 3480 653 3558 hoc,
673 3476 895 3558 Polycharmo,
915 3485 1027 3543 nocet.
