2370 3924
405 581 763 687 lltllilllltl.

512 776 648 786 ..υ-...η-

128 864 205 963 Post
220 904 312 964 editos
330 906 443 964 Grimae
459 923 540 964 anno*
552 906 770 980 quadragesimo
787 907 874 964 altero
891 909 1027 968 Martialis
1045 915 1103 986 epi·

57 994 236 1062 grammaton
247 992 333 1048 libros
345 995 444 1048 nectus
456 1009 519 1048 sum
530 993 634 1063 aliquot
646 992 813 1063 scriptorum
824 991 954 1050 codicum
965 996 1101 1067 subsidia,

56 1073 95 1129 de
108 1073 210 1146 quibus
222 1073 357 1146 deinceps
369 1074 472 1131 dicam.
964 1118 967 1125 .

122 1159 246 1214 Primum
272 1163 433 1215 accuratam
461 1159 636 1215 collationem
662 1159 771 1216 codicis
790 1159 1014 1233 Edinburgeusis
1038 1164 1102 1235 (Ε),

57 1258 145 1316 quarn
157 1243 187 1297 iu
199 1242 410 1316 Prolegomeuis
421 1260 451 1315 p.
463 1243 576 1298 LXXXI
590 1243 774 1300 vehomenter
787 1243 1002 1314 desiderabam,
1020 1249 1104 1303 inter-

58 1343 144 1384 cessu
154 1327 299 1383 Welclreri
310 1328 407 1400 accepi
420 1344 437 1383 a
449 1326 520 1384 dull.
531 1327 696 1397 Hamillono,
711 1329 872 1400 professore
884 1329 1102 1404 Edinburgensi,

58 1412 106 1483 qui
116 1411 162 1466 vir
173 1409 395 1467 humanissimus
409 1411 560 1468 maximam
570 1416 679 1483 partem
690 1413 752 1484 ipse
764 1414 892 1481 contulit,
912 1415 1021 1484 relique
1038 1432 1104 1471 con·

59 1493 176 1550 leronda
187 1493 314 1550 studioso
326 1494 438 1551 cuidam
450 1495 547 1550 iuveni
558 1495 711 1563 commisit,
730 1497 777 1566 qui
795 1501 823 1550 et
840 1498 901 1566 ipse
918 1513 1034 1551 munere
1051 1516 1102 1554 suo

59 1578 129 1634 satis
139 1583 214 1634 recte
229 1578 339 1635 iunctus
351 1584 403 1635 est.
434 1579 496 1650 Ego
514 1594 588 1634 nunc
606 1578 683 1648 quod
699 1578 766 1633 olim
781 1581 858 1634 tenui
871 1579 1025 1650 specimine
1039 1585 1101 1637 sub·

56 1663 142 1718 nixus
155 1661 190 1717 ds
201 1662 302 1719 virtute
314 1663 376 1720 libri
388 1663 545 1735 perantiqui
557 1662 683 1718 divinavi
701 1663 798 1734 magis·
806 1678 889 1734 quam
901 1663 1101 1734 demonstravi,

55 1763 176 1819 prorsus
188 1745 382 1810 confirmatum
393 1747 514 1818 repperi.
546 1747 654 1802 Etenim
672 1745 765 1802 codex
776 1746 813 1803 ad
825 1747 957 1803 familiam
969 1749 1101 1807 librorum

56 1830 92 1886 Ο*
111 1830 150 1885 ita
170 1831 302 1901 pertinet,
321 1836 351 1888 ut
366 1831 625 1903 praestantissimos
646 1832 768 1887 familiae
784 1848 852 1888 suae
870 1836 955 1886 testes
974 1832 1100 1888 XABGV

25 1916 29 1921 '
54 1917 223 1987 plerumque
240 1921 354 1986 aequet,
372 1915 511 1971 interdurn
529 1921 656 1986 superet:
675 1914 750 1970 idem
769 1919 844 1970 caret
855 1915 984 1971 omnibus
997 1916 1031 1972 iis
1045 1917 1105 1987 qui-

57 2000 109 2054 bus
123 1999 246 2069 reliquos
258 1999 345 2056 libros
363 1999 490 2056 eiusdem
508 1999 624 2070 originis
639 2001 771 2072 Prolegg.
782 2016 812 2070 p.
825 1997 936 2056 CXVlll
948 2017 991 2071 sq.
1004 2015 1103 2055 carere

57 2083 129 2138 dixi.
164 2083 200 2138 Hi
211 2086 304 2139 autem
313 2083 376 2139 libri
387 2090 414 2139 et
428 2083 511 2155 pauci
525 2084 572 2138 alii
584 2100 647 2139 curn
659 2099 695 2138 ex
712 2099 767 2139 uno
786 2083 942 2153 eodemque
961 2083 1059 2138 codice
1076 2087 1105 2139 et

56 2183 91 2222 eo
106 2180 185 2222 saec.
199 2165 238 2221 IX
250 2167 404 2223 vetustiore
416 2182 433 2222 o
444 2167 563 2223 librariis
575 2167 676 2238 partim
688 2166 917 2239 fidelius,partim
930 2167 1022 2222 minus
1034 2167 1104 2222 fide·

15 2320 20 2325 ,
55 2251 120 2307 liter
137 2249 211 2306 ducti
224 2251 293 2320 sint,
314 2254 453 2323 sequitur,
469 2256 547 2307 ulex
561 2252 716 2307 coniunctis
732 2266 828 2306 sorurn
843 2250 1010 2306 testimoniis
1021 2266 1105 2322 repa·

55 2337 114 2391 rari
126 2335 283 2390 communis
296 2335 378 2392 iontis
397 2337 534 2407 scriptura
549 2336 649 2406 possit.
685 2335 717 2389 In
732 2350 836 2406 magna
854 2334 938 2406 igitur
954 2334 1056 2390 horum
1073 2335 1105 2389 li-

55 2421 172 2476 brorum
183 2419 335 2475 concordia
346 2436 411 2475 raro
423 2420 530 2487 evenit,
548 2425 578 2474 ut
587 2436 660 2474 unus
672 2419 754 2474 exiis
766 2420 844 2474 eolus
854 2433 954 2474 verum
971 2434 1105 2474 servave-

57 2504 91 2559 rit
106 2519 144 2558 ex
158 2502 324 2575 archetypo,
336 2503 436 2574 reliqui
448 2519 545 2558 omnes
559 2503 588 2557 in
606 2503 729 2559 deterius
743 2503 816 2574 lapsi
834 2503 899 2558 sint.
938 2500 1105 2573 Quanquam

57 2592 100 2643 est
117 2587 245 2659 proiecto
260 2588 308 2644 ubi
325 2589 412 2643 solius
425 2587 455 2642 Ε
466 2588 558 2644 scriba
568 2587 654 2658 prisci
665 2587 727 2644 libri
739 2587 840 2642 ductus
850 2587 899 2642 vel
910 2591 1056 2641 assecutus
1069 2586 1105 2641 sit

57 2675 135 2727 reete
145 2671 193 2726 vel
208 2686 273 2726 curn
287 2672 424 2744 religione
436 2672 572 2742 pinxerit:
597 2672 711 2742 saepius
729 2672 806 2726 solus
818 2669 864 2725 hic
876 2671 945 2725 liber
959 2669 996 2725 ad
1006 2671 1105 2724 Putea·

56 2754 305 2825 nsiVossianique
324 2755 404 2826 (ΧΑ)
422 2755 581 2811 testimonia
597 2755 683 2810 iidem
701 2753 838 2824 adiungit.
879 2752 1057 2824 Religionem
1074 2754 1106 2808 li-
1126 2812 1127 2815 Ἴ

57 2839 144 2895 brarii
172 2838 278 2910 paritor
302 2845 384 2912 atquc
413 2839 609 2911 cognationem
634 2854 698 2893 curn
718 2830 896 2895 XABCGVQ
921 2837 982 2891 rell.
1004 2838 1104 2908 paucis

57 2923 196 2995 exemplis
209 2921 367 2979 ostendam.
392 2924 466 2980 Libri
481 2923 574 2991 l‚1ou,
588 2927 607 2981 4
647 2932 649 2937 ’

337 3006 471 3064 Riserunt
485 3007 584 3079 faciles
601 3012 627 3063 el
647 3005 766 3062 imbuere
782 3005 828 3061 dei

55 3091 180 3162 primun
196 3094 314 3147 verbum
334 3092 363 3146 in
384 3090 537 3163 archetypo
555 3107 612 3146 non
632 3091 700 3146 satis
719 3094 814 3161 aperte
833 3104 999 3159 expressum
1017 3088 1105 3143 luisse

56 3174 187 3230 videtur:
208 3190 272 3229 uam
287 3175 317 3231 E
330 3174 461 3231 Arserunt
466 3219 474 3244 ,
491 3176 525 3231 Χ
534 3175 687 3239 Auserem,
708 3173 759 3230 AG
766 3172 916 3242 Moerum,
935 3170 988 3227 Bo
994 3171 1106 3226 Home·

56 3262 132 3322 mol,
149 3257 210 3316 DN
223 3257 374 3315 Auxerunt
392 3257 538 3315 dederunt.
574 3265 600 3327 3,
611 3265 655 3327 20,
667 3261 684 3318 7
698 3256 781 3313 >inin
792 3257 858 3313 abiit
875 3259 904 3311 in
914 3254 996 3310 ΑΒΕ
1003 3256 1033 3330 in
1042 3253 1105 3318 Ani,

57 3342 91 3398 X
98 3340 161 3404 Ans
178 3347 221 3410 10,
235 3346 278 3411 et,
292 3347 327 3401 18
337 3345 426 3399 maele
442 3344 471 3398 in
485 3343 568 3398 ΧΑΕ
575 3348 677 3404 meotes
695 3346 720 3406 3.
735 3346 779 3410 93,
795 3344 812 3400 'l
825 3340 853 3396 E
863 3339 1058 3405 corcodrillus,
1077 3336 1111 3392 X

57 3426 249 3493 erooodrillus‚
266 3425 338 3484 AGG
348 3428 525 3489 cocodrillus;
542 3431 568 3495 8,
581 3433 607 3494 6,
620 3433 654 3484 12
664 3426 829 3498 vividumque
838 3439 944 3480 merum
954 3423 982 3476 in
996 3420 1050 3476 ΑΕ
1055 3436 1106 3493 pr.

55 3508 85 3564 B
95 3513 140 3565 cst
149 3510 288 3581 victasque
297 3526 412 3579 merum,
431 3511 460 3565 in
471 3510 526 3567 XO
533 3510 686 3581 ebibiltsqus
695 3523 815 3574 merum,
834 3508 881 3578 qui
892 3505 1053 3561 coniectura
1067 3504 1108 3558 lu-
