2370 3924
184 254 186 259 ·
307 234 804 301 EPIGRAMMATONLIB.1X.
1016 242 1078 306 213

517 386 595 450 LVI.

117 485 364 568 Spendophorus
378 485 510 565 Libycas
525 485 642 546 domini
655 489 737 568 petit
750 490 883 572 armiger
899 495 1010 556 urbes:

161 572 247 648 Quae
262 588 361 651 puero
377 569 474 629 dones
491 570 571 649 tela,
595 570 731 651 (lapido,
752 592 844 652 para3

116 654 174 716 llla
190 655 300 734 quibus
314 656 442 715 iuvenes
456 654 526 733 figis
540 653 713 734 mollesque
730 656 864 737 puellas:

160 738 209 799 Sit
222 745 326 800 tamen
341 739 373 797 in
389 744 499 798 tenera
512 740 590 801 levis
606 745 639 799 et
653 739 741 800 hasta
755 762 855 804 manu.

91 824 257 887 tLoricam
274 820 479 902 clypeumque
493 824 551 883 tihi
568 821 747 904 galeamque
762 826 906 902 remitto;

159 907 260 968 Tutus
273 913 308 967 ut
321 905 445 967 invadat
458 905 592 986 praelia,
613 906 713 968 nudus
729 915 787 970 eat.

115 993 185 1054 Non
199 990 317 1070 laculo,
338 1009 400 1050 non
417 1009 492 1050 ense
506 992 566 1051 fuit
579 990 719 1052 laesusve
735 994 860 1073 sagitta,

159 1074 289 1137 Casside
306 1073 378 1133 dum
391 1073 472 1134 liber
486 1074 740 1155 Parthenopaeus
757 1083 833 1138 erat.

119 1160 265 1238 Quisquis
283 1160 319 1219 ab
334 1158 395 1219 hoc
409 1157 506 1218 suerit
519 1159 613 1236 linus,
635 1161 786 1220 morietur
799 1179 913 1223 amore.

76 1255 111 1308 10
161 1242 295 1322 ofelix,
317 1243 344 1302 si
360 1260 451 1321 quem
465 1248 526 1301 tam
541 1244 622 1302 bona
636 1243 699 1302 fata
714 1245 854 1306 manent!

115 1328 195 1388 Dum
209 1345 289 1408 puer
304 1345 354 1405 es,
372 1325 500 1405 redeas,
523 1326 595 1387 dum
607 1324 694 1388 voltu
707 1325 861 1408 lubricus,
884 1335 916 1388 et
931 1335 964 1390 te

157 1411 228 1473 Nou
242 1410 341 1490 Libye
355 1410 465 1488 iaciat,
485 1410 541 1471 sed
556 1418 608 1471 tua
621 1411 719 1471 Roma
732 1413 839 1474 virum.

508 1545 599 1607 LVll.

114 1641 170 1705 Nil
185 1649 235 1704 est
247 1644 352 1705 tritius
369 1639 487 1723 Hedyli
499 1641 651 1702 lacernis:

114 1726 185 1788 Non
199 1746 291 1789 ansae
305 1733 445 1788 veterum
461 1727 711 1805 Corinthiorum,

115 1813 182 1872 Nec
202 1832 273 1873 crus
289 1811 438 1891 compede
452 1810 607 1871 lubricum
621 1810 770 1893 decenni,

115 1896 183 1956 Nec
200 1904 311 1977 ruptae
325 1897 459 1957 recutita
474 1894 555 1956 colla
568 1894 687 1974 mulae,

92 1978 183 2043 5Nec
202 1999 279 2059 quae
293 1978 475 2040 Flaminiam
490 1987 598 2041 secant
612 1979 770 2059 salebrae,

115 2064 183 2124 Nec
201 2064 253 2142 qui
266 2064 411 2125 litoribus
424 2065 526 2125 nitent
538 2063 656 2144 lapilli,

116 2148 183 2208 Nec
201 2149 303 2209 Tusca
316 2145 380 2227 ligo
396 2149 485 2208 vinea
499 2148 631 2229 politus,

115 2231 182 2292 Nec
198 2231 318 2314 pallens
332 2238 404 2311 toga
417 2234 531 2291 mortui
545 2229 685 2308 tribulis,

115 2314 182 2377 Nec
199 2317 280 2398 pigri
294 2322 365 2378 rota
380 2335 488 2395 quassa
500 2313 661 2392 mulionis,

71 2412 107 2463 10
115 2400 182 2460 Nec
199 2420 299 2461 rasum
316 2419 407 2461 cavea
422 2397 502 2460 latus
517 2399 665 2477 bisontis,

113 2483 181 2544 Nec
200 2483 277 2546 dens
291 2487 351 2545 iam
366 2485 472 2545 senior
486 2484 601 2545 ferocis
618 2482 694 2564 apri.

117 2569 181 2629 Res
195 2589 256 2629 uua
272 2576 320 2629 est
334 2575 452 2647 tamen,
468 2602 509 2612 —-
523 2570 591 2648 ipse
605 2587 667 2628 non
682 2567 824 2646 negabit,
837 2599 879 2608 —-

117 2652 212 2713 Culus
228 2655 334 2715 tritior
348 2651 466 2732 Hedyli
478 2651 621 2714 lacernis.

501 2785 605 2846 LVlll.

116 2900 256 2982 Nympha
275 2901 355 2961 sacri
368 2900 476 2980 regina
490 2896 593 2977 lacus,
616 2899 664 2958 cui
682 2903 768 2977 grata
781 2895 911 2956 Sabinus

158 2985 200 3046 nt
215 3003 357 3045 mansura
370 2987 422 3066 pio
437 3001 564 3044 munere
578 2981 694 3062 templa
710 2981 813 3059 dedit,

118 3068 170 3129 Sic
184 3074 328 3131 montana
341 3076 411 3129 tuos
427 3087 550 3148 semper
566 3066 648 3128 colat
660 3067 788 3128 Umbria
802 3065 923 3143 fontes,

159 3153 225 3214 Nec
238 3159 291 3213 tua
306 3153 435 3213 Baianas
451 3152 574 3213 Sassina
587 3150 674 3211 malit
688 3170 797 3231 aquas:

93 3237 240 3318 dllxcipe
256 3235 408 3297 sollicitos
423 3235 561 3317 placide,
584 3254 652 3295 mea
668 3234 763 3313 dona,
784 3227 929 3307 libellos3

161 3322 211 3381 Tu
226 3321 324 3381 fueris
339 3322 437 3382 Musis
454 3321 579 3400 Pegasis
594 3318 675 3379 unda
689 3320 775 3382 meis.
791 3353 834 3363 -

118 3404 348 3486 „Nympharum
364 3402 489 3485 templis
505 3405 642 3483 quisquis
658 3423 711 3464 sua
726 3405 859 3463 carmina
875 3398 984 3479 donat,

161 3489 241 3568 Quid
256 3491 326 3550 fieri
339 3487 430 3550 libris
450 3489 577 3568 debeat,
599 3489 666 3570 ipse
684 3488 808 3547 docet,“
