2370 3924
419 221 463 282 Μ.
479 219 572 282 VAL.
589 217 815 280 MARTIALIS

587 422 650 482 LII.

181 537 275 598 Novit
286 534 403 596 loturas
419 536 527 595 Dasius
542 552 722 594 numerare:
743 535 887 615 poposcit

223 622 423 682 Mammosam
439 617 587 701 Spatalen
602 639 659 699 pro
675 620 790 679 tribus:
812 616 869 680 illa
884 616 982 681 dedit.

586 753 661 814 [ΠΙ.

182 869 239 932 Vis
252 869 324 929 fieri
338 866 443 927 liber?
464 868 622 946 mentiris,
643 867 795 944 Maxime,
817 884 880 925 non
893 867 955 926 vis:

225 951 290 1013 Sed
303 952 375 1012 fleri
389 953 416 1011 si
430 952 492 1030 ris,
512 952 570 1010 hac
585 953 705 1012 ratione
720 956 820 1031 potes.

181 1038 278 1098 Liber
292 1037 372 1114 eris,
395 1054 507 1096 cenare
522 1036 600 1096 foris
616 1036 658 1112 ai,
680 1035 832 1112 Maxime,
854 1031 959 1114 noles,

226 1122 402 1184 Veientano
414 1125 498 1180 tuam
514 1122 541 1179 si
555 1118 658 1180 domat
671 1140 728 1179 uva
742 1120 841 1196 sitim,

80 1214 84 1219 “
100 1212 105 1220 ’
162 1206 220 1266 5Si
233 1204 340 1266 ridere
355 1209 445 1285 potes
461 1205 567 1265 miseri
583 1201 790 1283 chrysendeta
804 1203 939 1282 Cinnae,

90 1338 93 1347 .
225 1291 398 1351 contentus
413 1295 519 1349 nostra
533 1290 561 1348 si
575 1293 665 1368 potes
681 1306 751 1347 esse
767 1293 870 1366 toga,-

90 1386 93 1391 “
129 1376 132 1409 ³
183 1374 217 1434 Si
231 1373 357 1455 plebeia
371 1373 477 1435 Venus
493 1373 614 1451 gemino
629 1372 688 1431 tibi
701 1373 835 1431 vincitur
850 1391 936 1450 asse,

127 1490 130 1495 ·
225 1459 259 1519 Si
274 1465 327 1519 tua
340 1477 402 1517 nou
418 1462 522 1517 rectus
537 1462 622 1517 tecta
635 1457 740 1516 subire
754 1462 855 1537 potes.

127 1612 128 1617 η
182 1544 269 1604 Haeo
283 1543 341 1603 tibi
356 1543 442 1602 siris
458 1548 523 1620 est,
546 1543 573 1601 ai
586 1542 698 1601 mentis
714 1547 799 1601 tanta
813 1546 970 1620 potestas,

125 1637 176 1690 .10
224 1627 370 1688 Liberior
383 1627 500 1686 Partho
514 1628 619 1686 virere
634 1643 710 1704 rege
724 1631 824 1706 potes.

579 1773 657 1837 LIV.

184 1889 266 1966 Quid
281 1889 319 1950 de
335 1894 385 1965 te,
406 1886 502 1964 Line,
525 1887 699 1966 auspicetur
713 1907 790 1946 uxor

183 1975 226 2037 lut
242 1994 301 2053 qua
315 1977 404 2053 parte
418 1968 497 2030 velit
511 1968 719 2050 pudiciorem,

185 2058 289 2118 Certis
303 2055 426 2117 indiciis
441 2055 514 2114 satis
528 2056 685 2135 probavit,

184 2140 353 2202 Custodem
367 2140 425 2200 tibi
441 2158 518 2218 quae
535 2139 622 2200 dedit
636 2139 812 2220 spadonem.

162 2225 237 2287 bNil
252 2228 389 2287 nasutius
403 2224 460 2284 hac
476 2222 700 2304 maligniusque
717 2228 774 2284 est.

588 2359 653 2422 LV.

183 2472 239 2535 Vis
255 2479 303 2550 te,
325 2473 436 2553 Sexte,
458 2471 536 2533 coli:
558 2470 698 2532 volebam
714 2490 825 2531 amare.

183 2557 359 2617 Parendum
373 2563 422 2618 est
436 2558 509 2617 tibi:
533 2554 615 2636 quod
628 2557 734 2634 iubes,
757 2553 885 2616 coleris:

184 2640 248 2701 Sed
263 2642 290 2700 si
304 2648 336 2702 te
353 2640 437 2720 colo,
461 2641 571 2719 Sexte,
591 2658 653 2699 non
669 2642 783 2701 amabo.

585 2775 663 2839 LVI.

187 2889 339 2949 Gentibus
354 2891 387 2949 in
401 2890 527 2969 Libyeis
541 2910 618 2949 uxor
633 2898 702 2968 tua,
725 2886 834 2967 Galle,
856 2884 936 2947 male
952 2885 1039 2949 audit

227 2972 411 3033 Immodicae
425 2971 519 3033 foedo
535 2975 664 3033 crimine
681 2975 835 3033 avaritiae.
947 3021 951 3027 .

184 3053 249 3114 Sed
262 3075 348 3117 mera
360 3063 525 3115 narrantur
539 3056 715 3117 mendacia:
736 3077 799 3116 nou
813 3055 896 3117 solet
909 3054 964 3115 illa

227 3140 379 3221 Accipere
394 3141 526 3201 omnino.
558 3139 640 3216 Quid
654 3139 736 3202 solet
750 3141 849 3220 ergo?
878 3140 969 3200 Dare.

578 3261 670 3337 LVII.

185 3383 246 3443 ilio
261 3403 351 3461 quem
365 3384 478 3446 videtis
493 3388 650 3465 gressibus
663 3387 746 3464 vagis
761 3383 896 3462 lentum,

185 3469 452 3550 Amethystinatus
467 3469 568 3530 media
584 3472 636 3550 qui
650 3477 736 3530 secat
751 3470 863 3549 Septa,
