2370 3924
331 264 671 326 EPlGRAMMA'lON
684 264 759 328 LlB.
774 266 824 326 lX.
1041 268 1105 332 199

121 419 277 495 ,Grandis
291 419 325 477 in
340 418 479 477 aetherio
494 414 570 475 licet
585 418 685 476 auctio
700 417 755 476 fiat
769 415 900 496 Olympo

187 503 409 581 Coganturque
425 500 477 560 dei
491 499 628 560 vendere
644 499 793 579 quidquid
809 501 940 561 habent:

115 586 354 651 ocouturbabit
367 581 473 661 Atlas,
494 589 527 643 et
539 603 601 643 non
617 585 679 643 erit
692 585 782 642 uncia
795 590 877 660 tota,

184 668 316 730 Decidat
328 674 432 729 tecum
447 685 506 746 qua
518 673 608 746 pater
624 669 692 746 ipse
706 665 806 728 deum.

137 755 204 814 Pro
220 749 406 833 Capitolinis
420 750 495 831 quid
509 752 592 809 enim
608 752 665 810 tibi
680 749 802 810 solvere
817 747 961 830 templis,

184 836 266 914 Quid
279 855 336 916 pro
352 835 507 914 Tarpeiae
522 833 643 894 frondis
658 836 778 894 honore
792 835 918 914 potest?

139 919 223 997 Quid
236 939 294 1000 pro
311 919 492 980 culminibus
507 919 636 996 geminis
651 924 789 978 matrona
805 917 977 977 Tonantis?
992 962 995 966 r

91 1016 131 1068 lo
181 1001 308 1064 Pallada
321 1007 503 1083 praetereo:
525 1020 576 1061 res
591 1003 654 1080 agit
670 1001 722 1062 illa
737 1009 813 1062 tuos.

139 1086 224 1163 Quid
237 1085 349 1166 loquar
361 1083 496 1146 Alciden
510 1084 732 1165 Phoebumque
746 1087 877 1165 piosque
891 1084 1051 1144 Laconas?

182 1169 299 1231 Addita
314 1169 389 1250 quid
402 1170 490 1229 Latio
506 1167 611 1229 Flauio
629 1167 744 1249 templa
756 1166 853 1248 polo?

135 1255 294 1334 Expectes
309 1260 342 1314 et
356 1253 523 1331 sustineas,
543 1253 697 1331 Auguste,
719 1269 849 1312 necesse
864 1257 929 1311 est:

182 1335 259 1398 Nam
271 1338 331 1397 tibi
346 1335 428 1417 quod
443 1334 542 1396 solvat
555 1355 617 1396 non
631 1337 726 1396 habet
740 1355 811 1395 arca
825 1335 912 1394 lovis.

533 1470 585 1531 ιι.
610 1435 612 1439 ’

136 1567 285 1629 Aureolis
299 1567 379 1629 futui
394 1587 462 1628 cum
476 1570 576 1649 possit
591 1566 679 1628 Galla
692 1567 810 1628 duobus

183 1652 225 1711 ut
238 1650 308 1732 plus
324 1671 413 1731 quam
428 1652 527 1729 futui,
550 1654 576 1712 si
592 1651 723 1712 totidem
737 1650 909 1711 addideris:

135 1733 294 1796 Aureolos
311 1742 374 1796 cte
390 1755 445 1796 cur
459 1737 587 1816 occipit,
609 1733 784 1815 Aeschylo,
807 1734 927 1794 denos?

182 1819 251 1878 Nou
266 1817 357 1880 fellat
369 1821 449 1880 tanti
465 1818 561 1881 Galla.
591 1819 673 1895 Quid
688 1820 784 1899 ergo?
814 1819 920 1880 Tacet.

559 1954 588 2016 V

85 2125 87 2129 7
133 2047 263 2110 Nubere
277 2047 323 2107 vis
338 2046 461 2109 Prisco:
482 2068 545 2108 non
558 2051 679 2128 miror„
694 2049 801 2110 Paula:
825 2050 941 2129 sapisti.

181 2131 305 2191 Ducere
317 2136 350 2191 te
365 2149 427 2191 non
441 2130 508 2192 volt
522 2132 662 2194 Priscus:
684 2139 717 2193 et
732 2133 785 2193 ille
801 2133 890 2212 sapit.

547 2266 598 2327 Vl.

135 2362 228 2438 Tibi,
250 2379 366 2421 summe
379 2361 481 2422 Rheni
497 2362 630 2424 domitor
645 2370 678 2424 et
690 2381 804 2443 parens
819 2363 918 2441 orbis,

134 2443 254 2505 Pudice
268 2445 431 2524 princeps,
454 2449 566 2524 gratias
581 2453 675 2528 agunt
688 2449 807 2522 urbes3.

134 2525 274 2607 Populos
288 2528 461 2589 habebunt:
481 2550 594 2611 parere
607 2533 668 2592 iam
683 2529 785 2593 scelus
799 2550 861 2591 non
876 2536 932 2590 est.

134 2612 207 2672 Nou
220 2629 299 2691 puer
313 2613 395 2671 avari
409 2619 511 2674 sectus
526 2621 593 2676 arte
608 2615 766 2694 mangonis

110 2693 309 2756 5Virilitatis
325 2694 433 2756 damno
448 2705 567 2759 maeret
582 2705 727 2778 ereptae,

133 2778 203 2838 Nec
218 2797 307 2857 quam
322 2782 473 2859 superbus
488 2788 645 2861 computet
660 2782 773 2860 stipem
787 2777 877 2856 leno,

133 2862 197 2920 Dat
210 2863 379 2942 prostituto
396 2866 508 2923 misera
522 2871 621 2926 mater
634 2865 754 2924 infanti.

133 2946 197 3020 Qui
211 2963 270 3005 nec
284 2945 378 3006 cubili
390 2947 494 3008 fuerat
512 2955 583 3009 ante
599 2955 632 3011 te
647 2947 799 3029 quondam

108 3055 112 3060 ’
131 3028 258 3107 Pudor,
282 3047 351 3090 esse
364 3038 469 3110 perte
484 3035 587 3114 coepit
602 3041 635 3094 et
647 3031 798 3112 lupanari.

539 3157 603 3219 Vll.
633 3212 636 3216 .

135 3252 253 3312 Dicere
269 3251 308 3312 de
323 3253 449 3333 Libycis
463 3253 571 3314 reduci
585 3256 643 3315 tibi
659 3256 818 3333 gentibus,
841 3254 936 3332 Afer,

178 3337 342 3396 Continuis
356 3336 440 3398 volui
455 3339 590 3417 quinque
606 3337 715 3398 diebus
729 3339 804 3400 Ave.

128 3419 203 3484 Non
217 3426 320 3499 vocat,
348 3428 400 3482 aut
419 3420 549 3501 dormit,
569 3422 748 3482 dictumest
767 3423 814 3483 bis
829 3428 941 3500 terque
955 3437 1093 3479 reverso.

173 3503 237 3564 lam
252 3506 326 3565 satis
342 3512 407 3585 est,
426 3506 520 3566 dfert
541 3526 604 3567 uon
620 3507 665 3568 vis
681 3523 790 3569 averet
808 3503 891 3568 sale.
