2370 3924
310 231 647 293 EPIGRAMMATON
660 232 733 294 LIB.
748 231 812 294 XII.
1023 232 1086 296 305

527 433 605 494 xci.

129 547 310 610 Communis
325 547 383 606 tibi
401 564 468 604 cum
482 546 566 621 viro,
589 542 743 623 Maguda,

128 634 209 694 (lum
224 632 265 692 sit
278 627 413 688 lectulus
428 635 461 688 et
476 630 517 688 sit
531 625 689 705 exoletus,

129 717 249 793 Quare,
270 712 320 773 dic
334 713 427 790 mihi,
449 731 509 771 non
525 712 566 770 sit
580 717 613 770 et
627 713 777 774 minister.

128 800 290 879 Suspiras;
310 797 391 856 ratio
408 801 472 873 est,
493 797 585 855 times
599 793 749 873 lagonam.

519 922 612 984 xcii.

130 1039 233 1117 Saepe
252 1056 364 1116 rogare
379 1037 479 1116 soles,
503 1037 600 1116 qualis
616 1039 690 1115 sim,
711 1038 837 1118 Prisce,
857 1040 995 1116 fauturus,

175 1123 209 1181 Si
222 1121 294 1181 dam
307 1120 447 1201 locuples
462 1122 581 1199 simque
597 1127 728 1199 repente
743 1127 863 1200 potens.

128 1207 321 1284 Quemquam
334 1224 427 1284 posse
441 1210 531 1283 putas
547 1221 649 1262 mores
665 1222 793 1264 narrare
808 1206 952 1267 futuros‘l

172 1289 229 1348 Dic
242 1289 333 1366 mihi,
357 1290 384 1348 si
396 1289 452 1347 tias
466 1293 501 1347 tu
516 1286 585 1364 leo,
608 1285 707 1365 qualis
724 1287 810 1348 eris?

514 1412 619 1475 xclll.

131 1513 198 1589 Qua
213 1512 375 1571 moechum
386 1510 508 1570 ratione
523 1511 660 1570 basiaret

131 1598 243 1657 (loram
258 1596 389 1672 coniuge
403 1593 546 1673 repperit
560 1593 698 1658 Fabulla.

129 1682 262 1739 Parvum
281 1678 381 1738 basiat
397 1696 495 1756 usque
510 1677 697 1753 morionem3

129 1764 221 1823 Hunc
236 1760 341 1822 multis
355 1763 437 1841 rapit
453 1759 566 1820 osculis
581 1759 755 1820 madentem

106 1847 284 1910 5Moechus
298 1846 457 1926 protinus,
480 1851 512 1904 et
527 1845 590 1903 suis
604 1844 759 1924 repletum

130 1929 259 1990 Ridenti
276 1929 416 1989 dominae
433 1929 534 1988 statim
549 1930 689 1988 remittit.
710 1931 712 1935 ’

131 2015 252 2090 Quanto
267 2014 365 2073 morio
382 2014 479 2073 maior
493 2018 543 2072 est
555 2013 699 2073 maritus!

513 2140 621 2202 XCIV.

134 2239 351 2299 Scribebamus
366 2257 459 2317 epos3
482 2239 613 2317 coepisti
628 2238 781 2297 scribere:
803 2238 898 2316 cessi,

175 2321 304 2382 Aemula
318 2340 359 2381 ne
374 2327 493 2381 starent
508 2322 641 2381 carmina
656 2327 762 2380 nostra
777 2322 847 2382 tuis.

132 2405 307 2465 Transtulit
322 2405 360 2465 ad
374 2407 509 2484 tragicos
525 2423 559 2465 se
574 2411 680 2465 nostra
696 2404 806 2465 Thalia
823 2405 1004 2466 cothurnos:

174 2491 296 2568 Aptasti
314 2488 438 2567 longum
452 2495 488 2549 tu
503 2508 625 2568 quoque
640 2509 741 2568 syrma
754 2489 820 2549 tibi.

107 2573 202 2635 5Fila
213 2573 301 2651 lyrae
319 2576 398 2633 movi
414 2573 553 2634 Calabris
569 2574 690 2634 exculta
705 2575 863 2634 Camenis:

174 2656 300 2716 Plectra
314 2659 397 2737 rapis
414 2659 522 2734 nobis,
545 2659 724 2735 ambitiose,
746 2678 832 2717 nova.

131 2739 287 2801 Audemus
302 2747 436 2801 saturas:
455 2740 591 2800 Lucilius
607 2758 676 2799 esse
689 2739 820 2799 laboras.

176 2822 263 2883 Ludo
276 2824 362 2885 leves
378 2824 500 2902 elegos:
521 2830 556 2883 tu
573 2842 694 2902 quoque
707 2822 789 2882 ludis
803 2821 896 2882 idem.

133 2906 215 2983 Quid
229 2911 329 2969 minus
341 2927 410 2968 csse
428 2907 554 2988 potest?
577 2908 795 2987 epigrammata
808 2908 927 2985 tingere
944 2911 1034 2990 coepi

87 3003 123 3053 10
172 2993 253 3051 Hinc
269 2995 360 3053 etiam
374 2994 493 3073 petitur
506 2994 566 3052 iam
580 3011 648 3052 mea
661 2990 762 3071 palma
776 2993 841 3050 tibi.

131 3075 236 3153 Elige,
257 3075 331 3155 quid
346 3076 444 3151 nolis;
467 3078 535 3156 quis
552 3078 634 3136 enim
648 3074 765 3156 pudor,
788 3076 888 3134 omnia
901 3074 1007 3137 velle?

173 3160 215 3218 Et
231 3161 257 3219 ri
273 3159 347 3239 quid
363 3180 425 3220 non
440 3163 500 3238 ris,
523 3161 643 3238 Tucca,
665 3157 809 3239 relinque
824 3160 909 3221 mihi.

521 3286 615 3346 XCV.

137 3384 258 3442 Musaei
274 3384 499 3462 pathicissimos
514 3380 656 3459 libellos,

137 3467 195 3541 Qui
212 3473 334 3527 certant
349 3467 531 3545 Sybariticis
544 3463 681 3545 libellis,

178 3551 283 3609 Maur.
850 3547 901 3612 ‘ab
