2370 3924
280 253 283 260 ·
313 232 654 295 EPIGRAMMATON
668 233 743 298 Llll.
757 235 823 298 XII.
1024 235 1088 304 29?

128 385 207 447 Nam
225 385 368 464 quotiens
383 387 499 463 surgis,
522 386 639 444 soteria
652 385 755 465 poscis
772 387 894 449 amieos.

172 468 221 529 Sit
234 467 351 549 pudor:
374 474 499 546 aegrota
513 470 589 546 iam,
609 468 829 548 Polycharmo,
851 470 958 536 semel.

130 666 193 725 Gur
207 681 301 742 saepe
316 662 390 722 sicci
404 682 497 743 parva
510 683 584 723 rura
596 663 742 725 Nomenti

128 748 301 826 Laremque
313 744 408 805 villae
424 745 583 807 sordidum
599 754 719 828 petam,
742 749 888 828 quaeris?

128 831 193 892 Nec
207 827 378 908 cogitandi,
402 828 531 909 Sparsa,
552 849 611 891 nec
626 832 806 910 quiescendi

127 915 161 974 ln
176 916 254 974 urbe
267 912 353 973 locus
368 918 417 972 est
430 915 568 994 pauperi.
598 914 721 994 Negant
734 917 826 977 vitam

104 998 349 1075 5Ludimagistri
365 1016 468 1074 mane,
490 1004 583 1058 nocte
596 1001 750 1080 pistores,

127 1083 328 1143 Aerariorum
343 1078 470 1139 marculi
485 1079 536 1141 dle
550 1087 627 1142 toto.

127 1167 209 1226 Hinc
225 1166 341 1224 otiosus
356 1162 512 1224 sordidam
529 1166 628 1243 quatit
642 1183 778 1225 mensam

127 1251 304 1310 Neroniana
318 1246 538 1307 nummularius
553 1267 669 1323 massa,

128 1332 216 1393 [Illuc
229 1330 347 1391 balucis
360 1330 523 1391 malleator
537 1332 693 1412 Hispanae

82 1427 120 1480 10
128 1418 251 1477 Tritum
265 1415 379 1475 nitenti
393 1415 477 1475 iuste
492 1417 637 1475 verberat
651 1435 764 1478 saxum.

128 1500 194 1561 Nec
208 1501 299 1560 turba
316 1506 417 1559 cessat
432 1499 579 1558 entheata
591 1498 757 1579 Bellonae,

128 1585 193 1645 Neo
207 1585 338 1644 fasciato
354 1583 519 1662 naufragus
533 1580 648 1662 loquax
661 1588 790 1661 trunco,

128 1670 156 1729 A
172 1673 271 1728 matre
288 1665 397 1726 doctus
415 1685 474 1727 nec
488 1685 599 1746 rogare
615 1664 760 1744 iudaeus,

127 1752 193 1813 Nec
208 1750 408 1831 sulphuratae
422 1749 525 1831 lippus
539 1751 666 1810 institor
679 1751 803 1814 merois.

82 1846 119 1899 15
128 1837 298 1896 Numerare
312 1836 393 1914 pigri
410 1834 518 1894 damna
533 1835 585 1914 qui
599 1839 704 1914 potest
720 1836 835 1913 somni,

126 1921 218 1981 Dicet
232 1926 308 1998 quot
320 1937 392 1977 acra
404 1920 574 1979 verberent
586 1937 692 1978 manus
707 1919 809 1997 urbia,

129 2005 206 2066 (ium
219 2008 305 2063 secta
319 2000 436 2062 Colcho
452 2002 538 2062 Luna
551 2000 675 2083 vapulat
687 2003 826 2065 rhombo.

130 2088 196 2164 Tu,
220 2087 351 2166 Sparso,
369 2088 472 2146 neseis
489 2089 564 2164 ista,
583 2105 642 2146 nec
657 2092 747 2165 potes
762 2088 860 2165 scire,

127 2171 287 2232 Petilianis
302 2167 453 2230 delicatus
465 2171 498 2229 iu
513 2171 634 2247 reguis,
988 2224 991 2242 ἶ

83 2257 185 2320 locui
198 2253 290 2335 plana
310 2272 441 2312 summos
457 2251 590 2332 despicit
605 2252 712 2312 domus
726 2258 862 2330 montes,
983 2245 990 2317 ἶ

127 2341 169 2399 m
182 2358 235 2399 rus
250 2338 283 2396 in
297 2339 374 2396 urbe
389 2342 437 2396 est
451 2338 627 2413 vinitorque
641 2334 804 2394 Romanus.
980 2336 984 2356 ”

126 2424 192 2484 Nec
204 2424 237 2482 iu
254 2419 389 2481 Falerno
404 2418 485 2481 colle
500 2421 596 2479 maior
611 2425 806 2493 auctumuus,

127 2508 272 2585 intraque
286 2502 382 2564 limen
401 2502 503 2565 clusus
518 2502 629 2564 essedo
644 2499 767 2578 cursus,

85 2615 88 2620 ·
126 2592 168 2650 m
183 2592 215 2649 in
229 2587 384 2670 profundo
400 2608 539 2667 somnus,
562 2594 594 2648 et
611 2589 698 2667 quies
714 2585 807 2646 nullis

82 2685 118 2738 25
126 2675 252 2734 Offensa
263 2672 393 2750 linguis3
416 2691 474 2731 nec
490 2672 557 2732 dies
570 2674 630 2731 uiri
646 2670 804 2731 admissus.

128 2759 191 2818 Noa
207 2757 397 2816 transeuntis
411 2757 492 2815 risus
510 2756 624 2815 excitat
642 2755 768 2829 turbae,

126 2844 168 2904 Et
183 2840 222 2900 ad
236 2839 337 2899 cubile
355 2845 404 2898 est
417 2838 521 2899 Roma.
551 2836 669 2897 'l'aedio
685 2837 776 2895 fessis

126 2926 271 2986 Dormire
286 2925 428 3003 quotiens
443 2921 550 3000 libuit,
571 2923 649 2981 imus
665 2919 703 2981 ad
717 2917 827 2979 villam.

961 3022 972 3077 t

126 3121 366 3184 Ancillariolum
382 3127 480 3181 tuate
494 3037 686 3195 vlclllllxor,
710 3121 821 3199 etipsa

170 3205 376 3268 Lecticariola
389 3211 454 3264 estc
477 3207 569 3281 estis,
591 3201 726 3281 Alauda,
747 3221 850 3284 pares.

129 3388 262 3448 Tantum
278 3380 400 3447 dat'tibi
415 3387 513 3447 Roma
525 3301 680 3445 belgiarum

125 3472 203 3532 Post
218 3491 312 3531 annor
327 3470 417 3531 modo
434 3468 609 3550 quindecim
623 3485 766 3544 reverso,
