2370 3924
90 235 156 306 234
413 233 459 296 ht
473 233 565 296 VAL.
580 231 803 296 mantuus

558 384 658 445 XXIX

177 489 274 564 Quam
288 486 365 544 mihi
378 486 522 544 mittebas
537 484 661 542 Saturni
674 490 815 562 tempore
828 481 975 566 lancem,

217 571 335 631 Misisti
351 568 509 642 dominae,
530 567 716 644 Sextiliane,
736 575 826 640 tuae3

175 656 218 715 Et
233 674 323 733 qnam
336 651 471 712 donabas
486 650 578 711 dictis
591 671 609 710 a
623 650 728 712 Marte
742 649 907 729 Kalendis,

220 737 266 798 De
283 744 390 796 nostra
403 736 527 814 prasina
539 742 589 794 est
602 736 758 813 synthesis
772 741 876 814 empta
887 743 974 818 toga.

155 823 240 885 blant
254 827 396 881 constare
411 821 469 878 tibi
483 821 579 897 gratis
593 837 727 897 coepere
741 818 879 898 puellae:

218 905 403 966 Muneribus
416 903 529 981 futuis,
551 901 736 980 Sextiliane,
756 904 841 963 meis.

566 1035 664 1098 m

178 1137 205 1196 0
219 1140 411 1216 temperatae
427 1132 519 1192 dulce
531 1132 675 1193 Formiae
688 1131 779 1210 litus,

178 1221 259 1296 Vos,
279 1239 348 1277 eum
361 1219 462 1277 severi
479 1218 560 1295 fugit
573 1215 719 1296 oppidum
733 1216 844 1277 Martis

176 1305 219 1364 Et
232 1305 386 1381 inquietas
401 1302 502 1361 lessus
515 1303 600 1360 exuit
613 1320 717 1375 curas,

177 1385 370 1466 Apollinaris
384 1388 523 1445 omnibus
536 1384 614 1444 locis
628 1384 777 1463 praefert.

154 1471 247 1534 5Non
261 1469 319 1529 ille
334 1476 458 1529 sanctae
473 1467 563 1528 dulce
578 1469 678 1527 Tibur
692 1469 811 1546 uxoris,

175 1555 241 1615 Nec
256 1554 447 1613 Tusculanos
460 1551 627 1629 Algidosve
640 1570 796 1629 secessus,

176 1639 348 1698 Praeneste
362 1656 421 1696 nec
435 1638 480 1695 sic
494 1637 682 1714 Antiumque
696 1637 833 1697 miratur.

176 1723 245 1781 Non
259 1719 372 1781 blanda
387 1721 479 1779 Circe
494 1719 682 1779 Dardanisve
696 1720 804 1779 caieta

177 1803 417 1880 Desiderantnr‚
438 1823 498 1863 nec
512 1805 630 1864 Marica
643 1821 703 1861 nec
718 1802 815 1880 Liris,

136 1890 242 1951 loNec
256 1889 288 1945 in
302 1887 436 1947 Lucrina
449 1887 515 1947 lota
528 1887 673 1946 Salmacis
687 1905 773 1947 vena.

176 1973 238 2031 Hic
253 1990 369 2029 summa
380 1970 446 2030 leni
462 1973 624 2049 stringitur
640 1971 751 2030 Thetis
765 1976 875 2045 vento;

176 2056 243 2116 Nec
256 2052 384 2132 languet
399 2073 532 2134 aequor,
550 2057 615 2113 viva
630 2053 685 2113 sed
701 2055 789 2133 quies
804 2055 894 2135 ponti

175 2139 294 2198 Pictam
307 2137 458 2217 phaselon
474 2138 633 2198 adiuvante
649 2138 713 2197 lert
727 2159 816 2216 aura,

179 2224 266 2282 Sicut
278 2221 404 2302 puellae
419 2242 480 2281 non
496 2224 624 2281 amantis
639 2229 787 2281 aestatem

136 2315 170 2367 15
176 2307 265 2366 Mota
279 2304 403 2365 salubre
418 2326 554 2386 purpura
567 2308 653 2365 venit
667 2307 774 2384 frigus.

178 2390 243 2448 Nec
259 2396 326 2447 seta
338 2387 431 2466 longo
451 2392 573 2467 quaerit
584 2392 616 2448 in
631 2391 707 2448 mari
721 2389 883 2469 praedam,

177 2471 241 2531 Sed
256 2489 274 2529 e
289 2471 408 2530 cubiclo
425 2471 602 2551 lectuloque
618 2476 759 2532 iactatam

178 2555 343 2633 Spectatus
359 2554 421 2614 alte
434 2554 549 2614 lineam
563 2557 660 2616 trahit
674 2559 776 2637 piscis.

178 2638 211 2698 Si
226 2637 346 2716 quando
361 2638 482 2699 Nereus
494 2641 590 2698 sentit
605 2641 694 2700 Aeoli
709 2660 853 2719 regnum,

14 2741 16 2745 '
135 2721 271 2786 aothet
284 2721 440 2802 procellas
454 2730 520 2784 tuta
535 2722 574 2782 de
590 2744 644 2783 suo
660 2744 773 2786 menta.

176 2807 299 2866 Piscina
313 2808 475 2868 rhombum
489 2809 588 2888 pascit
602 2815 635 2867 et
648 2807 738 2888 lupos
752 2827 880 2883 vernas,

177 2891 270 2949 Natat
283 2889 322 2949 ad
336 2894 514 2970 magistrum
530 2891 662 2951 delicata
677 2910 838 2968 muraena3

177 2972 419 3034 Nomenculator
432 2974 576 3052 mugilem
595 2977 670 3035 citat
687 2982 793 3035 notum

176 3058 219 3117 Et
234 3057 343 3116 adesse
360 3059 435 3116 iussi
448 3057 604 3136 prodeunt
618 3077 709 3119 senes
724 3059 819 3122 mulli.

136 3138 407 3202 corruscantis
423 3141 562 3220 qnando,
583 3142 696 3221 Roma,
717 3143 897 3223 permittis?

178 3223 261 3298 Quot
272 3223 454 3284 Formianos
469 3228 599 3306 imputat
612 3226 679 3286 dies
694 3247 790 3287 annus

176 3305 352 3383 Negotiosis
366 3309 460 3368 rebus
474 3312 560 3370 urbis
574 3311 739 3371 haerenti?

178 3389 205 3448 0
219 3389 368 3449 ianitores
381 3389 527 3472 vilicique
542 3393 669 3454 felices!

177 3472 315 3532 Dominis
327 3483 476 3553 parantur
489 3481 563 3558 ista,
587 3480 726 3539 serviunt
738 3479 834 3542 vobts.
