2370 3924
291 217 809 286 EPIGRAMMATONLIB.X1V.
1006 222 1070 287 ³43

343 420 477 484 ccxiv.
500 419 598 483 Pueri
609 423 756 484 comoedi.

105 495 179 582 'Non
194 521 257 581 erit
269 520 303 579 in
317 522 408 581 turbu
423 521 583 599 quisquam
598 516 818 600 Μισούμενος
831 524 909 583 ista:

152 602 216 664 Sed
229 605 349 684 poterit
366 605 464 682 quivis
479 623 548 664 esse
563 600 626 676 Δὶς
642 600 821 678 ἐξαπατῶν.

413 717 532 780 CCXV.
555 716 680 779 Fibula
790 713 794 720 ’

107 814 166 874 Dic
180 813 256 873 mihi
271 810 472 894 simpliciter,
495 812 651 892 comoedis
666 821 700 874 et
716 814 905 877 citharoedis

148 895 277 977 Fibula,
300 896 374 976 quid
388 898 550 978 praestas?
578 896 710 978 ,',0arius
722 905 756 958 ut
771 899 927 962 fatuant.“

384 1010 518 1073 ccxvi.
540 1011 712 1090 Acceptior.

108 1106 231 1170 Praeda
247 1109 309 1168 fuit
321 1106 494 1186 volucrum,
514 1107 647 1168 famulus
661 1128 743 1170 nunc
759 1111 900 1191 aucupis:
922 1108 1006 1171 idern

150 1193 276 1272 Decipit
290 1198 323 1252 et
337 1199 443 1273 captas
454 1210 517 1251 non
531 1193 591 1252 sibi
604 1199 724 1280 maeret
739 1213 818 1257 aves.

300 1351 302 1355 .
366 1301 513 1365 CCXVII.
540 1303 726 1384 opsonator.

103 1401 162 1462 Dic
179 1407 290 1480 quotus
306 1406 339 1460 et
354 1402 461 1479 quanti
474 1402 579 1482 cupias
593 1419 724 1479 cenare,
745 1419 804 1461 nec
818 1421 911 1462 anum

138 1484 315 1576 ¹Addideris
329 1487 472 1545 verbum:
493 1503 570 1566 cena
582 1491 690 1566 parata
701 1486 759 1545 tibi
775 1492 832 1547 est.

280 1596 441 1659 ccxviii.
466 1596 592 1658 Galama·
603 1598 811 1677 aucupatoria

103 1695 174 1758 Non
187 1701 306 1756 tantum
323 1693 464 1773 calamis,
487 1693 544 1754 sed
561 1701 652 1754 cantu
668 1693 790 1755 fallitur
805 1695 886 1776 ales,
911 1707 913 1712 “

146 1779 267 1863 Callida
284 1778 356 1839 dum
370 1780 464 1838 tacita
482 1778 596 1838 crescit
609 1777 749 1838 harundo
764 1798 863 1841 manu.

350 1891 483 1954 ccxix.
509 1890 571 1951 Gor
584 1889 740 1953 tabulam.

101 2004 226 2085 Pauper
240 2001 410 2064 causidicus
426 2001 528 2064 nullas
544 2004 717 2064 referentia
731 2023 870 2066 nummos

146 2087 289 2182 Carmina
303 2107 370 2147 cum
388 2088 523 2166 scribas,
546 2090 652 2168 accipe
668 2107 738 2166 cor,
761 2087 844 2167 quod
856 2091 961 2153 habes

414 2198 534 2260 CCXX.
559 2197 669 2260 Cocus.

101 2296 171 2358 Non
185 2299 259 2358 satis
276 2303 325 2357 est
339 2315 389 2356 ars
401 2293 468 2355 sola
482 2314 573 2355 coco:
598 2296 717 2355 servire
731 2294 867 2376 palatum

144 2380 237 2442 Nolo:
260 2400 352 2441 cocus
367 2377 482 2439 domini
498 2377 594 2437 debet
609 2379 727 2438 habere
742 2378 853 2458 gulam.

259 2493 391 2557 ccxxi.
415 2491 576 2556 &acicula
593 2514 663 2556 cum
678 2496 820 2561 verubus.
918 2482 921 2487 ’

100 2593 181 2654 Rara
196 2594 254 2653 tibi
270 2614 361 2654 curva
376 2593 522 2653 craticula
536 2592 628 2654 sudet
645 2592 756 2671 ofella;

143 2676 293 2759 Spumeus
307 2679 341 2741 in
354 2676 448 2756 langa
466 2676 594 2757 cuspide
608 2679 707 2738 fumet
722 2698 806 2758 uper.

307 2788 453 2849 CCXXII.
475 2787 581 2848 Pistor
595 2789 776 2864 dulciarius,
793 2864 796 2869 p

99 2885 191 2948 Mille
206 2889 265 2948 tibi
280 2887 387 2948 dulces
404 2905 532 2969 operum
547 2906 653 2947 manus
667 2889 727 2948 ists
739 2889 854 2967 figuras

142 2972 289 3033 Extruet:
312 2974 384 3033 huic
400 2973 453 3031 uni
467 2991 561 3052 parca
574 2968 698 3032 laborat
713 2973 787 3054 apis.

374 3085 534 3147 ccxxiii.
559 3085 707 3167 Adipata.

100 3178 241 3260 Sur-gite:
262 3183 323 3244 iam
334 3181 442 3243 vendit
455 3183 562 3263 pueris
575 3182 730 3244 iantacula
743 3185 843 3265 pistor

143 3264 359 3347 Cristataeque
374 3272 485 3326 sanant
498 3265 635 3345 undique
650 3265 730 3329 lucis
744 3286 825 3332 aves.

450 3425 649 3439 Ἠ,
