2370 3924
315 216 658 279 EPIGRAMMATON
672 219 745 282 LIB.
761 221 813 283 Xl.
1030 221 1094 290 257

545 422 597 484 Vl.

128 534 241 596 Unctis
255 530 393 593 falciferi
409 532 493 592 senis
508 530 634 611 diebus,
777 595 780 601 ,

128 619 288 697 Regnator
303 616 414 696 quibus
427 617 561 696 imperat
575 615 727 697 fritillus‚

127 703 231 765 Versu
244 700 356 762 ludere
370 720 433 761 non
448 700 605 762 laborioso

127 787 304 865 Permittis‚
325 791 420 866 puto,
440 783 558 866 pileata
573 786 677 847 Roma.

106 872 258 946 5Risisti3
279 870 356 931 licct
369 888 461 949 ergo,
483 889 542 931 uec
556 877 703 932 vetamur.

128 953 291 1016 Pallentes
304 955 415 1035 procul
428 955 501 1015 hinc
516 956 599 1016 abite
614 975 724 1031 curae3

129 1038 289 1118 Quidquid
302 1040 425 1100 venerit
440 1041 578 1119 obvium,
600 1038 763 1120 loquamur

128 1125 257 1185 Morosa
271 1125 339 1184 sine
356 1125 553 1203 cogitatione.

129 1209 232 1269 Misce
248 1207 409 1287 dimidios,
428 1227 526 1289 puer,
546 1210 697 1288 trientes,

84 1304 123 1356 10
128 1287 247 1369 Quales
257 1293 450 1373 Pythagoras
466 1291 559 1353 dabat
571 1293 707 1368 Neroni;

129 1376 248 1456 Misce,
268 1376 439 1457 Dindyma,
462 1377 519 1437 sed
532 1378 775 1457 frequentiores.

128 1463 259 1522 Possum
272 1460 318 1522 nil
332 1481 389 1540 ego
405 1463 544 1537 sobrius3
566 1463 686 1522 bibenti

130 1547 322 1609 Succurrent
335 1548 411 1607 mihi
427 1546 604 1626 quindecim
619 1552 739 1627 poetae.

128 1632 175 1690 lla
189 1650 270 1692 nunc
285 1632 387 1709 basia,
408 1629 465 1691 seri
480 1629 662 1693 Catulliana.

83 1729 119 1781 15
128 1717 215 1792 Quae
231 1717 258 1776 si
270 1721 320 1776 tot
332 1715 466 1793 fuerint,
491 1722 567 1795 quot
581 1714 637 1776 illc
653 1713 746 1794 dixit,

128 1801 257 1860 Donabo
272 1800 330 1860 tibi
343 1818 503 1880 passerem
518 1799 640 1862 Catulli.

515 1934 581 1996 Vll.

129 2049 191 2109 lam
207 2053 295 2108 certe
310 2046 511 2128 stupido'non
530 2047 629 2122 dices,
653 2049 764 2128 Paula,
786 2052 913 2129 marito,

172 2131 222 2192 Ad
236 2133 559 2211 moechumquotiens
573 2130 697 2212 longius
711 2136 759 2194 ire
774 2133 877 2212 voles,

129 2217 268 2295 „Caesar
281 2219 314 2276 in
331 2215 486 2277 Albanum
501 2217 591 2277 iussit
605 2236 654 2276 me
669 2237 758 2278 mane
774 2220 899 2296 venire,

173 2302 288 2362 Caesar
305 2300 477 2362 Οἰιοιείιιιέι
504 2300 566 2360 lam
580 2301 708 2381 stropha
723 2300 795 2362 talis
810 2303 883 2363 abit.

107 2384 313 2466 5Pcuelopae
326 2384 405 2445 licet
423 2403 493 2444 esse
508 2387 567 2445 tibi
582 2388 639 2446 sub
654 2387 796 2466 principe
813 2387 927 2458 Nerva:

173 2469 237 2531 Sed
253 2471 402 2551 prohibet
415 2470 536 2530 scabies
550 2470 771 2551 ingeniumque
784 2477 883 2532 vetus.
993 2486 995 2492 ·

128 2553 258 2633 infelix,
281 2554 357 2634 quid
373 2554 469 2634 ages?
490 2573 613 2633 aegram
628 2556 787 2616 simulabis
803 2554 953 2616 amicam?

171 2641 325 2699 Haerebit
339 2637 481 2699 dominae
495 2641 542 2699 vir
557 2659 660 2701 comes
677 2643 745 2720 ipse
760 2659 849 2715 suae,

129 2723 189 2784 Ibit
204 2730 237 2783 et
251 2724 290 2784 ad
304 2725 434 2784 fratrem
449 2731 552 2784 tecum
568 2730 760 2803 matremque
774 2731 965 2803 patremque.

92 2819 122 2870 lo
173 2810 255 2884 Quas
269 2810 365 2887 igitur
378 2807 506 2869 fraudes
520 2809 680 2886 ingeniosa
697 2808 809 2887 paras?

130 2893 262 2953 Diceret
276 2894 464 2972 hystericam
481 2911 514 2952 se
529 2893 662 2953 forsitan
679 2892 779 2951 altera
792 2893 922 2951 moecha

174 2977 207 3036 ln
226 2977 414 3038 Sinuessano
428 2976 512 3038 velle
527 2976 640 3038 sedere
654 2976 733 3038 lacu.

131 3062 252 3138 Quanto
267 3069 302 3122 tu
316 3060 443 3122 melius!
467 3065 610 3142 quotiens
625 3062 728 3143 placet
742 3063 789 3121 ire
804 3061 955 3140 fututum,
1038 3062 1041 3066 ⁸

172 3147 258 3222 Quae
273 3165 380 3207 verum
396 3148 489 3206 mavis
506 3146 630 3226 dicere,
651 3144 763 3225 Paula,
785 3147 860 3206 viro.

554 3281 631 3344 Vlll.

131 3393 230 3474 Lapsa
246 3392 329 3473 quod
345 3396 483 3454 externis
498 3395 618 3474 spirant
633 3392 829 3474 opobalsama
844 3396 978 3471 truncis²

172 3477 289 3539 Ultima
306 3477 388 3556 quod
405 3499 497 3539 curuo
513 3496 591 3557 quac
607 3477 690 3539 cadit
706 3498 780 3540 nuru
799 3498 914 3552 crocet

130 3561 235 3622 Maur.
861 3559 902 3622 ui
