2370 3924
287 210 631 274 EPIGRAMMATON
644 212 722 277 LIB.
737 213 775 274 X.
991 212 1053 277 227

93 367 181 429 Voce
195 370 231 425 ut
244 362 391 443 loquatur
403 366 554 444 psittacus
570 365 738 424 coturnicis

92 452 136 512 Et
151 450 348 529 concupiscat
364 467 433 508 esse
450 449 552 508 Canus
567 447 726 508 ascaules?

93 532 209 594 Procul
224 531 371 593 alibellis
385 533 473 611 nigra
488 533 529 591 sit
542 533 619 591 meis
633 533 729 608 fama,

47 631 87 682 10
93 619 178 696 Quos
193 637 298 677 rumor
313 614 382 676 alba
396 635 551 694 gemmeus
565 616 652 675 vehit
664 617 766 694 pinna.

94 703 159 762 Cur
174 719 231 780 ego
248 700 386 760 laborem
400 708 491 759 notus
506 717 574 758 esse
590 705 652 758 tam
665 717 775 779 prave,

95 787 247 846 Constare
262 784 358 863 gratis
374 803 442 843 oum
456 783 612 844 silentium
626 782 749 863 possit?

502 916 555 980 IV.

95 1031 155 1109 Qui
167 1027 248 1107 legis
263 1026 448 1108 Oedipoden
465 1010 711 1107 caligantemque
727 1029 906 1109 Thyesten,

137 1111 302 1175 Colchidas
318 1119 351 1172 et
366 1111 501 1191 Scyllas,
524 1111 598 1190 quid
614 1114 674 1172 nisi
690 1120 828 1174 monstra
840 1114 942 1193 legis?

94 1197 176 1276 Quid
190 1198 248 1258 tibi
262 1203 368 1278 raptus
384 1197 497 1276 Hylas,
518 1196 592 1275 quid
606 1196 859 1278 Parthenopaeus
874 1205 907 1259 et
923 1199 1025 1278 Attis,

136 1280 219 1358 Quid
232 1281 291 1340 tibi
309 1280 460 1341 dormitor
474 1278 618 1358 proderit
630 1279 829 1360 Endymion?

69 1367 249 1429 5Exutusve
263 1383 343 1444 puer
357 1366 460 1443 pinnis
474 1362 675 1423 labentibus?
697 1371 749 1424 aut
764 1366 817 1443 qui

137 1449 212 1510 Odit
228 1449 390 1509 amatrices
403 1447 684 1528 Hermaphroditus
699 1449 815 1527 aquas?

93 1533 176 1612 Quid
191 1539 223 1594 te
237 1552 313 1591 vana
327 1534 432 1592 iuvant
445 1533 576 1591 miserae
590 1530 726 1592 ludibria
739 1533 888 1592 chartae?
1011 1516 1019 1581 l

136 1618 206 1677 Hoc
223 1614 313 1694 lege,
337 1615 420 1696 quod
433 1616 532 1696 possit
548 1614 653 1675 dicere
668 1617 731 1675 vita
744 1616 871 1695 „Meum
889 1615 971 1679 est.“
1003 1584 1014 1693 ‚i
1029 1592 1058 1671 ⁵¹⁴*-

93 1701 162 1764 Non
176 1701 229 1760 hic
244 1701 435 1776 Centauros,
457 1718 519 1758 non
535 1699 696 1778 Gorgonas
710 1700 925 1780 Harpyiasque
1037 1696 1041 1705 '

48 1797 86 1849 10
134 1785 292 1845 Invenies:
313 1785 469 1844 hominem
482 1783 593 1863 pagina
606 1789 714 1842 nostra
729 1785 817 1864 sapit.

94 1866 160 1930 Sed
173 1887 235 1928 non
248 1868 312 1944 vis,
332 1868 507 1943 Mamurra,
529 1872 599 1926 tuos
613 1886 802 1944 cognoscere
817 1886 920 1928 mores

135 1952 202 2013 Nec
214 1956 247 2011 te
262 1951 358 2011 scire:
380 1950 465 2030 legas
479 1951 571 2011 Aetia
586 1949 776 2013 Callimachi.

515 2084 553 2146 V.

94 2198 241 2276 Quisquis
260 2195 396 2256 stolaeve
408 2215 603 2276 purpuraeve
618 2200 814 2276 contemptor

96 2281 180 2358 Quos
195 2279 300 2341 colare
318 2278 429 2356 debet,
451 2277 544 2339 laesit
556 2281 650 2360 impio
665 2297 772 2358 versu,

94 2366 191 2426 Erret
205 2383 264 2444 per
277 2365 386 2423 urbem
400 2364 505 2442 pontis
520 2359 590 2422 exul
605 2369 638 2422 et
652 2361 739 2442 clivi,

93 2448 242 2528 Interque
257 2466 365 2508 raucos
380 2446 504 2507 ultimus
518 2454 680 2526 rogatores

72 2534 177 2596 50ret
193 2534 315 2592 caninas
330 2533 418 2611 panis
433 2533 567 2612 improbi
581 2533 701 2591 buccas.

93 2615 146 2677 illi
159 2617 332 2677 December
344 2613 454 2694 longus
471 2623 503 2675 et
518 2614 644 2674 madens
659 2616 766 2674 bruma

94 2699 269 2779 Clususque
282 2699 385 2759 fornix
402 2701 493 2759 triste
507 2700 606 2775 frigus
621 2697 776 2759 extendat.

94 2784 197 2846 Vocet
211 2786 320 2844 beatos
335 2783 533 2860 clamitetque
546 2780 675 2859 felices,

95 2870 262 2930 Orciniana
278 2868 331 2946 qui
343 2867 488 2926 feruntur
501 2867 535 2925 in
554 2863 681 2944 sponda.

51 2954 136 3015 loAt
151 2972 217 3012 cum
232 2969 395 3034 supremae
408 2949 461 3010 fila
474 2950 619 3010 venerint
632 2950 728 3008 horae

93 3037 231 3116 Diesque
246 3033 369 3112 tardus,
391 3036 506 3095 sentiat
521 3053 628 3094 canum
641 3030 731 3092 litem

91 3119 268 3200 Abigatque
285 3125 368 3178 moto
387 3119 492 3179 noxias
509 3138 578 3179 aves
592 3136 711 3197 panu03

91 3203 158 3264 Neo
172 3205 319 3264 finiantur
334 3209 434 3263 morte
451 3202 598 3282 supplicis
612 3218 748 3280 poenae,

91 3286 158 3347 Sed
171 3287 262 3347 modo
278 3288 380 3346 severi
395 3293 498 3347 sectus
512 3285 606 3346 Aeaci
622 3283 714 3360 loris,

47 3383 81 3435 15
90 3372 179 3432 Nunc
193 3372 326 3450 inquieti
340 3377 445 3430 monte
460 3369 584 3450 Sisyphi
599 3385 741 3448 pressus,

90 3454 180 3516 Nunc
194 3457 278 3516 inter
292 3455 391 3516 undas
408 3453 525 3535 garruli
539 3453 622 3514 senis
637 3451 734 3511 siccus

782 3528 855 3592 lb*

992 1822 998 1898 i
