2370 3924
303 234 643 297 EPIGRAMMATON
656 237 731 302 LlB.
746 239 824 302 Vlll.
1017 241 1080 306 189

119 382 271 463 Diligeris
285 385 399 465 populo
414 405 477 447 non
491 394 623 467 propter
636 391 788 468 praemia,
809 391 941 470 Caesar,

161 469 298 550 Propter
312 474 345 529 te
359 468 492 549 populus
505 472 657 551 praemia,
680 473 810 551 Caesar,
833 482 921 534 amat.

527 598 591 661 LV.

121 707 256 770 AudItnr
273 716 417 789 quantum
434 711 570 791 Massyla
584 729 642 791 per
657 713 722 771 avia
736 731 888 789 murmur,

162 794 327 854 Innumero
344 795 487 873 quotiens
502 793 579 854 silva
593 794 685 854 leone
700 795 792 872 furit,

119 875 258 938 Pallidus
275 879 423 938 attonitos
439 877 477 938 ad
490 879 595 939 Poena
610 878 740 958 mapalia
753 884 860 959 pastor

165 959 244 1022 Cum
258 967 384 1022 revocat
398 970 502 1022 tauros
518 968 551 1023 et
565 964 632 1023 sine
647 969 751 1023 mente
766 981 879 1041 pecus:

96 1043 246 1104 5Tantus
260 1046 293 1104 in
308 1045 445 1105 Ausonia
459 1045 587 1107 fremuit
601 1046 691 1106 modo
707 1053 811 1105 terror
826 1048 952 1108 harena.

166 1129 241 1204 Quis
257 1148 319 1188 non
334 1147 403 1189 esse
420 1148 545 1209 gregem
561 1129 729 1189 crederet?
751 1149 828 1189 unus
845 1139 928 1210 erat,

121 1210 187 1271 Sed
202 1213 288 1272 cuius
303 1217 476 1272 tremerent
488 1215 549 1292 ipsi
565 1231 686 1294 quoque
700 1214 768 1272 iura
781 1210 908 1294 leones,

164 1296 222 1355 (lui
238 1294 378 1356 diadema
394 1296 483 1356 daret
497 1316 650 1357 marmore
664 1297 747 1378 picta
761 1296 882 1358 Nomas.

122 1378 149 1439 0
166 1384 311 1458 quantum
326 1399 385 1460 per
400 1378 482 1440 colla
497 1379 608 1460 decus,
632 1399 722 1459 quem
737 1383 850 1459 sparsit
863 1383 1012 1442 honorem

78 1472 114 1524 1⁰
163 1463 267 1522 Aurea
279 1462 419 1542 lunatae,
440 1483 507 1524 cnm
523 1465 628 1542 stetit,
649 1465 756 1524 umbra
772 1465 877 1524 iubae!

123 1545 262 1608 Grandia
277 1566 365 1625 quam
381 1547 486 1608 decuit
499 1547 595 1609 latum
610 1547 758 1609 venabula
773 1555 882 1628 pectus

166 1631 348 1711 Qnmtaque
363 1631 403 1692 de
419 1651 526 1710 magna
541 1631 649 1710 gaudia
664 1638 764 1691 morte
780 1629 866 1692 tulit!

122 1713 215 1774 Unde
230 1716 309 1792 tuis,
331 1716 447 1795 Libye,
470 1722 532 1775 tam
546 1713 624 1775 felix
639 1714 739 1794 gloria
754 1713 862 1775 silvis?

165 1799 193 1858 A
209 1796 346 1877 Cybeles
360 1798 509 1878 numquid
523 1806 652 1859 venerat
666 1798 722 1859 ille
736 1800 831 1878 ingo?

77 1881 171 1944 rann
186 1883 283 1961 magis
297 1882 473 1962 Herculeo,
496 1885 698 1962 Germanice,
720 1885 804 1944 misit
818 1885 855 1944 ab
871 1891 953 1944 astro

165 1966 254 2026 Hanc
269 1967 327 2027 tibi
341 1967 392 2027 vel
406 1968 520 2046 frater,
542 1966 593 2028 vel
608 1974 698 2048 pater
712 1968 781 2048 ipse
796 1968 917 2028 feram?

519 2109 596 2171 LVl.
685 2108 688 2114 ’

123 2220 330 2300 Temporibus
344 2223 460 2282 nostris
476 2227 560 2282 aetas
576 2240 644 2281 cum
660 2219 750 2280 cedat
766 2238 889 2279 avorum

164 2305 309 2365 Creverit
324 2310 358 2365 et
372 2307 469 2366 maior
485 2324 553 2365 cum
569 2303 647 2364 duce
661 2304 757 2363 Roma
772 2322 843 2380 sno,

121 2388 283 2466 ingenium
296 2390 376 2449 sacri
391 2389 513 2449 miraris
528 2388 638 2448 deesse
653 2387 808 2464 Maronis,

162 2470 228 2532 Nec
244 2490 426 2552 quemquam
441 2479 527 2534 tanta
541 2470 626 2533 bella
641 2490 751 2532 sonare
768 2472 850 2532 tuba.

99 2554 204 2615 5Snnt
218 2556 437 2636 Maecenates,
457 2577 519 2617 non
536 2556 685 2634 deerunt,
707 2555 836 2632 Flacco,
859 2555 1006 2615 Marones

162 2637 399 2719 Vergiliumque
415 2642 472 2701 tibi
485 2640 536 2702 vel
550 2647 602 2701 tna
616 2660 689 2700 rura
705 2639 829 2699 dabunt.

119 2721 229 2800 lugera
243 2722 427 2803 perdiderat
440 2726 573 2784 miserae
587 2725 687 2783 vicina
702 2724 873 2782 Cremonae

163 2805 278 2867 Flebat
293 2813 325 2866 et
340 2807 485 2868 abductas
502 2807 631 2884 Tityrus
648 2823 740 2882 aeger
756 2821 838 2863 oves.

121 2889 204 2950 Risit
218 2891 339 2958 Tuscus
355 2910 468 2971 eques,
492 2894 768 2971 paupertatemque
783 2885 944 2966 malignam

78 2982 114 3034 10
164 2972 315 3054 Reppulit
330 2980 363 3035 et
378 2973 478 3035 celeri
492 2975 583 3034 iussit
598 2974 684 3033 abire
699 2972 780 3051 fuga.

120 3058 260 3137 „Accipe
277 3057 398 3119 divitias
414 3064 446 3118 et
461 3065 561 3118 vatum
577 3059 722 3119 maximus
739 3062 824 3129 esto;

165 3141 215 3201 Tu
229 3139 306 3202 licet
321 3149 354 3202 et
367 3143 529 3203 nostrum“
545 3142 622 3202 dixit
636 3139 771 3219 „Alexin
787 3142 902 3204 ames.“

118 3225 252 3286 Astabat
266 3225 382 3286 domini
396 3229 511 3287 mensis
526 3225 754 3307 pulcherrimus
768 3222 824 3284 ille

162 3308 342 3370 Marmorea
354 3310 488 3370 fundens
503 3312 591 3389 nigra
605 3307 738 3369 Falerna
752 3328 858 3386 manu,

74 3394 158 3455 relat
172 3392 268 3454 libata
283 3393 375 3455 dabat
389 3397 489 3455 roseis
504 3395 662 3454 carchesia
678 3391 792 3469 labris,

163 3478 249 3553 Quae
263 3484 411 3558 poterant
423 3480 523 3560 ipsum
537 3477 707 3538 sollicitare
723 3478 836 3538 lovem.
