2370 3924
293 232 633 294 EPIGRAMMATON
642 233 716 307 LlB.
731 233 811 297 XIV.

344 433 451 496 xciv.
477 433 596 496 Calices
611 436 755 496 audaces.
776 420 778 424 Α

110 533 174 595 Nos
190 551 293 594 sumus
308 530 430 592 audacis
444 530 568 611 plebeia
582 538 753 592 toreumata
766 533 857 611 vitri,

152 617 267 678 Nostra
279 633 382 694 neque
399 614 522 675 ardenti
537 635 656 694 gemme
670 617 784 676 feritur
802 635 888 696 equa.

300 748 394 812 XCV.
417 747 532 811 Phiale
545 769 645 811 auree
658 751 793 812 caelata.

110 850 253 931 Quamvis
268 848 404 911 Callaico
418 851 545 908 rubeam
559 866 710 927 generosa
724 846 868 925 metallo,

153 934 280 996 Glorior
295 939 363 993 arte
378 934 487 1012 magis:
510 953 579 992 nam
594 932 685 1012 Myos
699 934 761 992 iste
775 930 873 993 labor.

346 1066 455 1130 xcvi.
482 1066 601 1127 Calices
621 1065 746 1126 Vatinii.

108 1167 193 1232 Vilia
207 1166 321 1228 sutoris
338 1163 466 1225 calicem
481 1165 668 1223 monimenta
682 1162 788 1225 Vatini

150 1253 285 1332 Accipe;
304 1248 361 1309 sed
374 1266 468 1307 nasus
483 1245 607 1325 longior
620 1244 677 1306 ille
691 1247 759 1307 fuit.

288 1383 410 1447 xcvn.
434 1381 558 1443 lancee
571 1380 805 1462 chrysendetae.

108 1479 246 1545 Grandia
260 1501 300 1542 ne
315 1482 396 1542 viola
412 1500 504 1561 parvo
523 1477 731 1558 chrysendeta
744 1476 852 1540 mullo.

149 1567 193 1628 Ut
206 1566 379 1645 minimum,
400 1565 496 1625 libras
512 1563 608 1624 debet
621 1564 737 1622 habere
753 1563 838 1623 duas.

331 1699 466 1762 xcvssl.
496 1697 580 1759 Vasa
597 1699 756 1759 Arretina.

104 1799 254 1859 Arretina
267 1798 358 1857 nimia
372 1816 412 1856 ne
426 1815 555 1877 spernas
569 1815 639 1855 vasa
652 1813 820 1855 monemus.

148 1881 264 1942 Lautus
278 1886 346 1942 erat
360 1881 471 1942 Tuscis
489 1882 628 1941 Porsena
641 1878 798 1940 fictilibus.

386 2015 493 2077 xant
516 2015 700 2077 Bascauda.

104 2116 241 2176 Barbara
254 2111 295 2172 de
309 2114 402 2193 pictis
416 2116 486 2174 veni
502 2113 653 2174 bascauda
665 2115 839 2188 Britannis;

147 2197 212 2260 Sed
225 2215 274 2256 me
287 2199 347 2257 iam
362 2196 476 2257 mavolt
492 2198 598 2258 dicere
612 2199 708 2258 Roma
723 2217 816 2258 snam.

443 2333 477 2392 0.
501 2331 640 2392 Panaca.

104 2432 138 2494 Si
152 2451 215 2493 non
228 2432 333 2510 ignota
349 2436 397 2490 est
412 2430 497 2491 docti
511 2432 568 2491 tibi
583 2437 668 2490 terra
684 2428 815 2508 catulli,

146 2516 266 2576 Potasti
281 2520 362 2575 testa
376 2514 502 2576 Raetica
517 2517 586 2575 vina
600 2533 677 2574 mea.

420 2649 467 2710 01.
492 2649 664 2710 Boletaria.

103 2749 181 2810 Gum
193 2748 270 2806 mihi
285 2744 382 2806 boleti
397 2745 543 2806 dederint
557 2751 618 2806 tam
632 2744 738 2805 nobile
752 2763 881 2819 nomen,

142 2830 331 2898 Prototomis
344 2829 498 2909 -pudet
511 2829 587 2890 heu!
603 2867 642 2875 —
660 2829 761 2888 servio
777 2825 928 2888 coliculis.

333 2965 393 3025 CII.
419 2963 539 3026 Calices
552 2962 741 3026 Surrentini.

105 3064 223 3144 Accipe
236 3083 301 3123 non
314 3064 370 3124 vili
384 3065 496 3124 calices
512 3065 552 3124 de
566 3063 695 3144 pulvere
708 3068 814 3141 natos,

144 3147 208 3208 Sed
224 3148 428 3210 Surrentinae
441 3148 511 3210 leve
526 3155 666 3209 toreuma
679 3152 776 3211 rotae.

347 3283 421 3347 0111.
449 3281 558 3345 Galam
574 3282 736 3344 nivariam.

99 3380 242 3459 Setinos,
262 3401 389 3461 moneo,
410 3387 517 3442 nostra
531 3382 601 3442 nive
618 3382 727 3461 frange
742 3383 890 3443 trientesr

141 3465 332 3547 Pauperiore
346 3485 433 3527 mero
448 3469 570 3546 tingere
583 3464 648 3526 lina
662 3472 761 3549 potes.

1008 233 1068 300 331
