2370 3924
297 189 640 252 EPIGRAMMATON
653 191 728 254 LIB.
743 193 779 255 11.
1021 194 1065 260 49

142 345 260 406 Hamus
276 349 309 404 et
321 344 355 402 in
369 340 497 431 mullum
511 345 645 404 mittitur
661 349 754 424 atque
769 343 884 425 lupum,

74 431 246 496 bonecuba
260 432 423 487 saccentur
439 446 579 507 quaeque
595 447 692 488 annus
708 431 791 489 coxit
806 429 932 525 Opimi,-

144 509 326 574 Gondantur
340 531 434 592 parco
449 512 536 572 lusca
549 511 685 572 Falerna
698 513 788 574 vitro.

100 599 219 660 Omnes
236 593 414 674 Tongilium
428 595 541 656 medici
556 598 676 656 lassare
691 595 805 657 lavarI:

145 681 172 742 Ο
189 678 294 759 ιιιΙιί,
316 680 438 740 febrem
455 680 583 741 creditIs
598 681 691 741 ease?
720 680 799 742 Gula
814 687 871 743 ert.

500 815 577 876 XLI.

100 927 206 1010 „llide
222 929 249 988 si
260 927 363 1008 rapis,
385 927 541 1008 opuella,
562 926 655 988 ride“

99 1011 270 1093 Pelignus,
291 1017 385 1091 puto,
408 1012 525 1073 dixerat
539 1019 650 1095 poeta,

101 1097 168 1159 Sed
181 1115 246 1158 non
261 1092 383 1156 dixerat
397 1097 537 1157 omnibus
550 1094 673 1178 puellis.

100 1181 222 1245 Verum
236 1186 272 1240 ut
286 1177 402 1241 dixerit
418 1181 557 1242 omnibus
572 1177 705 1261 puellis,

76 1264 175 1330 5Non
189 1263 268 1325 nint
280 1264 353 1325 tibi:
376 1270 410 1325 tu
424 1262 530 1345 puella
544 1285 606 1325 non
620 1283 671 1342 es,

100 1350 145 1410 ut
158 1354 224 1411 tres
239 1353 310 1409 sunt
324 1349 399 1428 tibi,
421 1349 604 1427 Mammiae,
626 1349 752 1425 dentes,

103 1432 169 1494 Sed
181 1431 275 1514 plane
290 1432 435 1513 piceique
451 1434 615 1513 buxeique.

103 1518 208 1595 Quare
224 1517 251 1577 si
264 1517 391 1598 speculo
406 1518 544 1596 mihique
560 1515 679 1594 credis,

100 1602 207 1664 Debes
221 1621 284 1661 non
298 1600 392 1662 aliter
405 1603 518 1661 tImere
533 1602 646 1678 risum,

57 1699 96 1751 10
103 1687 201 1763 Quam
215 1691 341 1746 ventum
356 1686 488 1766 Spanius
503 1701 686 1764 manumque
701 1682 843 1762 Priscus,

103 1771 202 1848 Quam
215 1775 333 1844 cretata
346 1771 437 1831 timet
446 1765 581 1848 ,Fabulla
595 1770 747 1846 nimbum,

102 1855 269 1915 cerussata
282 1854 374 1915 timet
389 1852 513 1914 Sabella
527 1852 633 1915 solem.

101 1936 217 2001 Vultus
230 1936 326 1998 induo
340 1944 375 1999 tn
389 1939 485 2017 magis
500 1934 643 2016 severos,

105 2022 203 2099 Quam
219 2023 351 2084 coniunx
365 2022 482 2083 Priami
497 2041 655 2102 nurusque
670 2022 777 2083 maior.

56 2119 94 2172 15
103 2107 219 2168 Mimos
233 2105 362 2167 ridiculi
376 2105 572 2167 Philistionis

101 2192 146 2253 Et
161 2191 299 2252 conuiuia
313 2192 464 2270 nequiora
478 2193 541 2251 vita

101 2276 147 2337 Et
161 2272 311 2355 quidquid
324 2275 430 2356 lepida
444 2276 633 2357 procacitate

103 2359 203 2420 Laxat
215 2360 381 2441 perspicuo
395 2356 512 2420 labella
525 2360 600 2419 risu.

104 2443 155 2504 Te
170 2449 305 2504 maestae
319 2442 412 2505 decet
427 2442 565 2504 assidere
579 2441 671 2502 matri

56 2527 275 2607 nonagentive
290 2529 389 2589 virum
402 2529 524 2608 piumve
538 2527 687 2601 fratrem,

104 2612 150 2674 Et
162 2618 282 2672 tantum
296 2614 423 2691 tragicis
437 2631 547 2673 vacare
561 2609 671 2672 Muris.

103 2697 148 2756 At
162 2701 196 2755 tu
210 2696 357 2756 iudicium
372 2702 478 2757 secuta
492 2700 633 2756 nostrum

103 2777 217 2860 Plora,
239 2780 267 2840 si
281 2781 378 2861 sapia,
401 2777 552 2862 opuella,
574 2776 673 2858 plora.

499 2911 590 2973 XLII.

104 3023 213 3105 Zoilo,
232 3023 307 3105 quid
321 3023 432 3086 solium
448 3022 572 3085 subluto
587 3021 700 3106 podice
714 3020 844 3103 perdis?

147 3109 296 3191 Spurcius
311 3115 346 3186 ut
359 3111 430 3188 fiat,
451 3107 558 3187 zoile,
582 3127 688 3188 merge
704 3114 803 3190 caput.

496 3242 601 3303 XLIII.

103 3346 213 3418 Κοινὰ
224 3354 421 3434 φίλονιιιιι
432 3361 514 3436 suut,
533 3356 612 3416 haec
623 3361 695 3416 sunt
710 3361 772 3436 tua,
788 3353 940 3434 Candide,
954 3343 1065 3430 κοινά,

57 3524 118 3586 ΜΔ
146 3441 233 3518 Quae
247 3446 281 3502 tu
297 3437 486 3522 magnilocus
500 3445 594 3501 nocte
610 3438 723 3521 dieque
738 3458 858 3580 nonasp

121 3542 169 3586 nr.
648 3584 652 3591 ,

1027 1654 1052 1713 ’5
