2370 3924
109 212 151 278 32
431 211 475 272 M.
491 209 582 272 VAL.
598 207 823 270 MARTIALIS

103 350 114 439 ξ
194 366 311 444 Accipe
325 382 387 423 non
401 363 492 438 Pario
505 363 644 421 nutantia
658 360 797 441 pondera
810 380 899 439 saxo,

109 444 112 451 ’
237 449 322 524 Quae
338 447 437 506 cineri
452 464 545 505 vanus
561 444 614 504 dat
628 445 749 504 ruitura
762 442 871 522 labor,

108 518 112 593 i
174 532 259 596 tsed
274 529 382 590 faciles
397 532 493 589 buxos
508 534 540 587 et
555 548 664 607 opacas
678 526 814 607 palmitis
829 529 952 588 umbras

57 625 87 713 ‘f
106 600 112 693 i
238 617 386 694 Quaeque
403 615 506 672 virent
517 610 653 671 lacrimis
668 611 791 672 roscida
805 618 894 691 prata
906 613 994 674 meis.

62 716 69 749 2'
104 696 110 751 ἕ
195 693 327 779 Accipe,
350 715 421 757 care
437 713 531 776 puer,
554 696 654 755 nostri
668 696 854 755 monimenta
870 694 1005 757 doloris:

101 754 108 843 i
237 783 297 842 Hic
312 782 369 841 tibi
383 786 535 861 perpetuo
550 785 691 859 tompore
705 780 788 839 vivet
800 778 909 840 honor.

100 850 105 885 ¹
198 866 364 938 Gummihi
378 882 538 944 supremos
553 862 700 923 Lachesis
714 862 895 943 perneverit
908 883 1021 944 annos,

92 900 102 1027 X
157 962 189 1013 10
237 950 310 1010 Non*
320 947 413 1008 aliter
428 948 550 1007 cineres
567 946 677 1007 mando
693 947 796 1007 iacere
810 964 904 1008 meos.

89 1030 96 1067 s
551 1080 716 1144 LXXXIX.

126 1175 136 1275 i,
199 1194 306 1256 Garris
321 1195 354 1252 in
368 1210 472 1253 aurem
488 1212 611 1273 semper
626 1194 782 1271 omnibus,
805 1193 921 1272 Cinna,

132 1292 135 1332 3
199 1279 307 1338 Garris
322 1283 355 1336 et
371 1276 448 1338 illud
462 1283 544 1336 teste
561 1275 733 1355 quodlicet
749 1278 847 1337 turba.

77 1365 107 1443 {a
130 1372 135 1427 j
198 1360 294 1420 Rides
308 1362 341 1420 in
355 1379 475 1438 aurem,
498 1361 657 1439 quereris,
681 1362 799 1439 arguis,
821 1357 942 1440 ploras,

129 1484 132 1515 ;
200 1446 311 1506 Cantas
327 1447 495 1521 inaurem,
516 1443 650 1522 iudicas,
666 1448 770 1523 taces,
793 1443 922 1522 clamas,

124 1556 130 1609 5
175 1527 350 1607 5Adeoque
365 1530 488 1609 penitus
503 1527 585 1588 sedit
599 1529 650 1587 hic
664 1529 720 1588 tibi
736 1531 876 1606 morbus,

119 1618 127 1668 ε’
200 1614 243 1674 Ut
262 1633 354 1694 saepe
369 1615 402 1673 iu
418 1631 538 1692 aurem,
563 1613 678 1691 Cinna,
702 1613 866 1673 Gaesarem
880 1609 999 1673 laudes.

605 1761 668 1822 XC.

202 1872 291 1951 Quod
305 1893 457 1952 nunquam
471 1873 605 1933 maribus
624 1873 754 1932 cinctam
769 1880 818 1952 te,
838 1877 949 1954 Bassa,
966 1876 1109 1937 videbam

243 1957 394 2036 Quodque
408 1957 466 2016 tibi
480 1957 640 2016 moechum
656 1956 759 2016 fabula
773 1956 857 2018 nulla
873 1959 982 2038 dabat,

201 2043 299 2103 Omne
317 2041 373 2102 sed
389 2041 522 2100 officium
536 2041 618 2104 circu
632 2048 664 2101 te
679 2060 802 2120 semper
820 2044 924 2103 obibat

228 2125 350 2186 ⁴i⁸urba
364 2127 410 2184 tui
424 2143 530 2202 sexus,
552 2143 615 2185 non
630 2125 763 2186 adeunte
781 2127 866 2201 viro;

179 2211 280 2271 odisse
296 2209 467 2286 videbaris,
489 2209 606 2287 fateor,
628 2210 773 2270 Lucretia
787 2211 892 2270 nobis:

243 2295 285 2353 At
301 2299 350 2372 tu,
372 2312 429 2372 pro
444 2293 582 2371 focinus,
605 2294 714 2372 Bassa,
736 2294 856 2354 fututor
871 2313 950 2355 eras.

201 2378 286 2437 Inter
302 2396 335 2436 se
351 2379 488 2455 geminos
504 2376 597 2437 audes
612 2379 806 2438 committere
821 2398 936 2439 cunnos

243 2460 459 2539 Mentiturque
473 2462 572 2520 virum
592 2461 770 2540 prodigiosa
785 2462 900 2524 Venus.

203 2546 382 2606 Commenta
397 2562 430 2603 es
446 2543 568 2621 dignum
585 2545 734 2605 Thebano
750 2547 920 2625 aenigmate
936 2551 1126 2624 monstrum,

162 2637 196 2689 10
243 2630 304 2689 Hic
318 2629 370 2689 ubi
384 2631 430 2689 vir
445 2647 507 2686 non
523 2633 587 2706 est,
610 2634 644 2687 ut
658 2630 698 2688 sit
716 2625 909 2691 adulterium.

600 2763 678 2824 xol.
698 2796 702 2804 .

204 2876 280 2936 Cum
294 2883 345 2936 tua
360 2896 421 2937 non
436 2877 526 2954 edas,
548 2880 649 2958 carpis
663 2897 731 2938 mea
747 2880 895 2958 carmina,
914 2875 1011 2938 Laeli.

245 2961 383 3039 Carpere
397 2960 446 3022 vel
459 2959 526 3020 noli
540 2967 646 3021 nostro
659 2960 711 3021 vel
726 2961 785 3022 ede
800 2968 860 3024 tua.

593 3093 683 3153 xcii.

206 3204 305 3284 Saepe
321 3205 397 3264 mihi
412 3205 551 3283 queritur
566 3224 628 3264 non
646 3207 736 3266 siccis
752 3207 863 3268 Cestos
879 3205 1005 3285 ocellis,

247 3289 345 3367 Tangi
360 3307 394 3348 se
409 3289 524 3367 digito,
545 3289 755 3369 Mamuriane,
769 3298 832 3354 tuo.

202 3372 271 3431 Non
286 3392 362 3452 opus
377 3379 425 3433 est
439 3373 552 3452 digito:
574 3381 672 3435 totum
687 3376 744 3435 tibi
760 3377 875 3437 Ceston
890 3375 1022 3452 habeto,

244 3455 278 3515 Si
294 3455 383 3516 deest
397 3456 442 3518 nil
459 3457 561 3537 aliud,
585 3460 792 3538 Mamurium,
814 3460 880 3520 tibi.
