2370 3924
280 219 774 301 nr1oannonnnonn1n.1v.
1008 241 1049 305 95

474 435 594 498 XLVII.

89 553 266 615 Encaustus
280 549 444 609 Phaethon
459 549 561 609 tabula
576 551 634 611 tibi
647 552 748 630 pictus
761 554 795 613 in
809 555 867 613 Irae
881 560 938 616 est.

137 634 219 711 Quid
231 635 289 694 tibi
302 633 364 710 vis,
385 631 527 712 dipyrum
543 635 595 712 qni
610 635 804 696 Phaethonta
817 637 916 697 iacis?

466 767 597 830 XLVIII.

89 879 220 941 Percidi
234 877 364 958 gaudes,
385 881 541 958 percisos,
560 879 684 960 Papho,
706 880 820 962 ploras.

137 965 217 1043 Cur,
239 982 317 1042 quae
333 963 377 1023 vis
390 963 475 1041 fieri,
498 962 620 1043 Papile,
641 965 723 1025 iacta
738 964 846 1026 dolosi

93 1049 242 1108 Poenitet
258 1049 410 1107 obscenae
424 1048 614 1126 pruriginis?
637 1069 675 1109 an
689 1051 785 1127 magis
799 1049 879 1110 illud

135 1130 228 1211 Fies,
252 1130 334 1209 qnod
347 1130 485 1212 persidi,
505 1130 633 1211 Papile‚
657 1133 811 1193 desieris?

480 1265 584 1326 XLIX.

91 1380 219 1460 Nescit,
242 1379 336 1440 crede
350 1378 441 1459 mihi,
464 1381 538 1460 qnid
552 1383 615 1442 sint
630 1383 862 1462 epigrammata,
879 1381 1006 1462 Flacco,

138 1466 197 1542 Qui
210 1471 328 1525 tantum
342 1463 428 1524 lusus
442 1465 502 1525 ista
514 1466 660 1545 iocosque
674 1472 771 1526 vocat.

92 1548 153 1610 Ille
166 1550 261 1628 magis
274 1547 370 1627 ludit,
392 1549 444 1627 qui
459 1549 568 1608 scribit
580 1549 709 1628 prandia
722 1549 806 1610 saevi

139 1633 277 1711 Tereos,
299 1639 350 1693 ant
364 1651 487 1710 cenam,
510 1632 605 1692 crude
621 1633 774 1711 Thyesta,
797 1639 897 1712 tuam,

69 1717 161 1779 snut
173 1735 270 1798 puero
285 1715 417 1794 liquidas
433 1722 588 1796 aptantem
601 1716 760 1777 Daedalon
774 1714 854 1794 alas,

137 1802 319 1861 Pascentem
335 1800 452 1861 Siculas
466 1807 518 1859 ant
531 1800 744 1882 Polyphemon
760 1819 841 1861 oves.

93 1886 123 1945 A
136 1885 251 1945 nostris
265 1883 374 1964 procul
390 1892 439 1945 est
452 1885 550 1944 omnis
567 1887 667 1947 vesica
681 1882 814 1964 libellis,

137 1968 229 2030 Musa
240 1986 300 2028 nec
313 1969 420 2029 insano
435 1974 569 2049 syrmate
581 1976 687 2030 nostra
701 1974 808 2031 tumet.

94 2051 175 2133 „Illa
189 2058 292 2112 tamen
303 2049 430 2113 landant
444 2071 566 2131 omnes,
588 2054 755 2130 mirantur,
777 2051 939 2115 adorant.“
1063 2092 1065 2097 .

49 2148 87 2201 10
139 2136 313 2198 Confiteor:
334 2134 462 2197 landant
474 2135 549 2214 illa,
572 2136 628 2197 sed
641 2137 701 2198 iata
712 2136 829 2213 legunt.

510 2270 544 2328 L.

96 2379 180 2458 Quid
193 2400 259 2461 me,
281 2382 379 2461 Thai,
401 2401 507 2443 senem
521 2380 652 2442 subinde
667 2380 766 2443 dicis?

94 2465 194 2527 Nemo
208 2471 272 2545 est,
294 2465 391 2544 Thai,
412 2485 507 2526 senex
521 2465 561 2526 ad
575 2465 793 2527 irrumandnm.

505 2615 553 2676 LI.

98 2724 176 2784 Cum
191 2726 249 2786 tihi
261 2745 323 2785 non
338 2733 443 2786 essent
456 2746 511 2787 sex
524 2725 623 2804 milia,
645 2724 839 2804 caeciliane,

139 2809 261 2887 Ingenti
274 2810 338 2870 late
352 2817 458 2871 vectus
473 2829 507 2870 es
521 2809 715 2887 hexaphoro;

95 2892 263 2971 Postquam
278 2895 325 2955 bia
341 2892 467 2954 deciens
482 2894 591 2954 tribuit
608 2891 666 2952 dea
682 2910 773 2952 caeca
786 2892 947 2971 sinumque

139 2976 303 3056 Ruperunt
317 2980 449 3055 nummi,
470 2977 570 3037 factus
586 2996 636 3053 es,
659 2994 749 3053 ecce,
769 2974 877 3055 pedes.

72 3059 182 3136 ⁵Quid
194 3061 254 3121 tibi
268 3081 324 3141 pro
339 3063 459 3122 meritis
474 3068 507 3122 et
521 3062 614 3121 tantis
626 3056 770 3120 laudibus
785 3059 911 3140 optem?

138 3144 178 3203 Di
192 3143 325 3205 reddant
340 3144 463 3224 sellom,
485 3144 679 3223 Caeciliano,
700 3144 767 3205 tibi.

504 3279 566 3341 LII.

96 3389 225 3452 Gestari
239 3390 352 3451 iunctis
367 3390 427 3450 nisi
442 3388 575 3469 desinis,
598 3387 739 3469 Hedyle,
762 3389 880 3467 capris,

140 3475 202 3551 Qui
217 3473 307 3535 modo
319 3476 396 3535 fieus
413 3492 498 3554 eras,
521 3475 581 3534 iarn
597 3474 760 3557 caprificus
774 3472 849 3532 eris.
