2370 3924
90 239 132 302 90
408 238 452 298 Μ.
470 236 561 299 vsL.
579 234 803 296 MARTIALIS

172 392 239 454 vae
254 389 424 469 glabraria,
446 407 500 448 vae
514 389 571 448 tibi
585 386 722 447 misella:

174 474 293 536 Nudam
307 481 340 535 te
357 478 472 533 statuet
486 478 556 532 tuus
570 470 739 552 Lupercus.

555 605 663 667 XXIX.

175 720 300 798 Obstat,
322 737 393 779 care
408 717 548 796 Pudens,
569 721 684 779 nostrl·
699 738 753 779 sua
766 723 858 781 turba
870 719 992 784 libellis

215 805 441 882 Lectoremque
456 804 605 881 frequens
619 801 715 863 lassat
729 810 762 864 et
775 802 886 884 implet
899 824 987 884 opus.

172 888 253 948 Rara
266 889 384 947 iurant:
405 887 512 966 primis
526 888 571 947 sic
582 887 680 946 maior
694 888 792 965 gratia
806 889 920 968 pomis,

215 971 375 1030 Hibernae
388 972 523 1049 pretium
538 972 583 1030 sic
598 988 741 1030 meruere
755 989 862 1046 rosae;

150 1053 227 1115 osio
243 1052 454 1134 spoliatricem
469 1052 661 1114 commendat
673 1054 771 1115 fastus
786 1056 928 1134 emicem,

215 1139 306 1197 lanua
320 1156 378 1197 nec
392 1139 533 1197 iuvenem
547 1156 671 1218 semper
686 1144 792 1218 aperta
806 1145 903 1200 tenet.

174 1221 302 1300 Saepius
317 1223 349 1281 in
363 1220 445 1282 libro
460 1228 638 1282 numeratur
652 1222 778 1282 Persius
792 1242 869 1301 nno,

216 1306 310 1381 Quam
323 1305 400 1366 levis
415 1306 447 1365 ln
460 1310 525 1365 tota
540 1305 662 1365 Marsus
677 1304 871 1366 Amazonide.

175 1388 224 1448 'l'u
241 1409 362 1469 quoque
378 1388 416 1449 de
430 1390 545 1449 nostris
560 1388 682 1468 releges
698 1408 909 1469 quemcunque
923 1388 1065 1473 libellis,

132 1482 166 1534 10
213 1473 291 1534 Esse
305 1479 379 1553 puta
394 1471 505 1532 solnm:
529 1474 573 1532 sic
586 1474 644 1533 tibi
658 1472 757 1552 pluris
772 1474 842 1534 erit.

562 1606 657 1667 XXX.

174 1719 288 1777 Baiano
302 1716 412 1798 procul
428 1717 527 1779 alacu
542 1718 675 1796 recede,

175 1802 332 1877 Piscator3
353 1802 444 1880 fuge,
466 1820 506 1860 ne
521 1820 636 1860 nocens
650 1801 789 1863 recedas.

176 1885 278 1943 Sacris
292 1886 427 1964 piscibus
441 1885 500 1944 hae
515 1891 659 1944 natantur
674 1884 789 1963 undae,

176 1967 235 2042 Qui
249 1973 363 2028 norunt
377 1968 531 2028 dominum
545 1987 726 2048 manumque
739 1967 877 2028 lambunt

153 2050 277 2129 illlam,
300 2071 358 2131 qua
373 2050 452 2110 nihil
469 2054 564 2112 estin
580 2054 655 2113 orbe
669 2054 774 2112 maius.

175 2135 272 2214 Quid,
295 2136 377 2214 quod
393 2154 503 2195 nomen
518 2138 634 2195 habent
648 2142 681 2196 et
696 2135 734 2195 ad
748 2135 887 2213 magistri

174 2219 292 2282 Vocem
307 2221 437 2298 quisque
453 2222 500 2280 sui
514 2221 598 2280 venit
613 2220 746 2280 citatus?

175 2304 243 2362 Hoc
259 2302 408 2382 quondam
423 2303 518 2382 Libys
532 2304 642 2382 impius
657 2302 828 2382 profundo,

174 2386 253 2445 Dum
268 2386 413 2465 praedam
431 2385 545 2446 calamo
561 2393 716 2446 tremente
732 2385 832 2464 ducit,

134 2468 281 2549 10Raptis
296 2468 462 2529 luminibus
478 2476 609 2549 repente
625 2489 733 2531 caecus

176 2554 304 2634 Captum
319 2573 380 2612 non
395 2554 497 2631 potuit
510 2553 616 2612 videre
631 2555 762 2632 piscem,

173 2637 215 2696 Et
229 2656 309 2696 nunc
324 2635 489 2714 sacrilegos
503 2655 633 2716 perosus
647 2639 752 2698 lmmos

174 2721 304 2780 Baianos
318 2720 408 2781 sedet
423 2720 461 2780 ad
475 2718 561 2781 lacus
575 2728 710 2800 rogator.

175 2805 217 2864 At
230 2810 281 2882 tu,
304 2804 375 2864 dnm
390 2811 498 2884 potes,
520 2806 669 2865 innocens
683 2802 798 2865 recede

134 2886 264 2950 lolactis
279 2887 468 2969 simplicibus
484 2890 559 2948 cibis
574 2890 606 2946 in
621 2888 731 2975 undas,

175 2971 217 3031 Et
229 2972 331 3051 pisces
345 2989 495 3032 venerare
511 2970 668 3033 delicatos.

555 3102 663 3164 XXXI.

177 3214 267 3293 Quod
282 3217 367 3295 cupis
380 3208 542 3276 in'nostris
558 3215 680 3297 dicique
694 3216 820 3296 legique
833 3212 951 3276 libellis

215 3300 257 3359 Et
272 3297 437 3359 nonnullus
451 3301 549 3360 honos
564 3300 702 3361 creditur
715 3302 775 3360 iste
789 3301 863 3378 tibi,

174 3381 221 3442 Ne
236 3380 367 3461 valeam,
388 3384 415 3443 si
429 3403 491 3444 non
504 3402 555 3444 res
571 3390 619 3444 est
634 3385 805 3463 gratissima
819 3385 909 3444 nobis

214 3465 258 3526 Iit
272 3463 342 3526 volo
357 3474 389 3527 te
404 3468 519 3527 chartis
532 3469 700 3528 inseruisse
712 3468 798 3528 meis.
