2370 3924
89 232 131 295 92
182 260 185 267 ·
418 235 461 296 M.
478 234 570 297 VAL.
587 235 812 298 MARTlALlS

173 385 307 446 Deciens
324 387 454 448 Sabinus
469 386 661 466 alterumque
676 387 846 463 Serranum

172 471 219 530 llx
233 469 343 530 insulis
357 471 522 550 fundisque
534 472 662 530 triciens
676 470 812 551 soldum,

152 555 221 614 alix
235 573 350 634 pecore
364 555 499 615 redeunt
512 561 562 614 ter
578 554 696 615 ducena
710 556 870 616 Parmensi
878 557 910 617 :“

174 637 264 697 Totis
280 638 405 715 diebus,
426 638 520 715 Afer,
542 639 601 698 hoc
616 639 691 698 mihi
706 658 812 699 narras

138 777 140 781 Α
174 722 216 781 Et
230 727 324 783 teneo
338 720 450 782 melius
462 723 538 800 iata,
561 741 651 800 quam
670 741 771 782 meum
785 741 906 785 nomen.

173 805 323 865 Numeres
338 803 616 886 oportetaliquid,
638 810 673 864 ut
686 807 749 886 pati
761 808 891 887 possim:

174 888 367 950 Cotidianam
381 889 477 950 reflce
492 907 635 949 nauseam
651 891 789 950 nummis.

136 971 291 1035 rodudire
305 975 419 1051 gratis,
440 973 535 1052 Ater,
556 973 617 1032 iata
631 991 694 1032 non
708 992 841 1053 possum.

526 1135 691 1198 XXXVlll.

173 1244 280 1324 Galla,
298 1265 392 1324 nega:
411 1248 538 1307 satiatur
552 1267 652 1325 arnor,
674 1248 734 1307 nisi
748 1246 858 1326 gaudia
870 1255 1045 1329 torquent:

216 1328 279 1390 Sed
294 1328 360 1390 noli
373 1331 514 1408 nimium,
536 1328 643 1409 Galla,
665 1349 780 1409 negare
796 1331 856 1393 diu.

539 1497 676 1557 XXXIX.

174 1609 305 1688 Argenti
320 1627 417 1687 genus
432 1629 522 1670 omne
539 1610 739 1690 comparasti,

173 1694 214 1753 iit
228 1692 310 1753 solus
325 1698 448 1753 veteres
463 1694 613 1772 Myronos
627 1698 726 1770 artes,

173 1774 265 1836 Solus
278 1774 452 1836 Praxitelus
466 1796 587 1837 manum
601 1777 797 1857 Scopaeque,

174 1858 265 1919 Solus
282 1858 422 1918 Phidiaci
436 1869 575 1920 toreuma
590 1859 684 1937 caeli,

150 1941 264 2005 tSolus
278 1942 461 2003 Mentoreos
475 1945 570 2004 habes
584 1942 717 2004 labores.

171 2025 237 2086 Nec
254 2026 365 2086 desunt
377 2027 435 2086 tibi
449 2046 522 2088 vera
536 2029 697 2104 Gratiana,

171 2109 236 2170 Nec
252 2129 328 2189 quae
344 2108 478 2170 Callaico
492 2110 631 2171 linuntur
647 2130 739 2187 auro,

173 2193 238 2254 Nec
253 2195 368 2254 mensis
384 2196 545 2275 anaglypta
560 2194 599 2253 de
614 2195 762 2274 paternis.

171 2279 342 2356 Argentum
359 2284 462 2338 tamen
476 2280 560 2338 inter
575 2295 664 2337 omne
678 2277 791 2351 miror,

131 2363 273 2438 10Quare
288 2381 350 2422 non
365 2362 494 2438 habear,
517 2362 669 2437 Charine,
690 2379 810 2440 purum.

572 2522 636 2581 XL.

170 2632 260 2691 Atria
273 2631 419 2690 Pisonum
433 2631 555 2690 stabant
569 2652 636 2692 eum
655 2637 814 2692 stemmate
829 2638 897 2692 toto

212 2716 254 2775 m
269 2715 351 2774 docti
368 2714 505 2775 Senecae
520 2721 570 2776 ter
588 2715 775 2776 numeranda
790 2715 914 2790 domus;

170 2798 377 2860 Praetulimus
391 2801 485 2859 tantis
500 2798 598 2861 solum
613 2807 663 2877 te,
684 2800 847 2875 Postume,
869 2801 991 2879 regnis:

212 2884 335 2964 Pauper
350 2902 419 2943 eras
435 2889 467 2943 et
485 2902 598 2962 eques,
621 2884 677 2944 sed
692 2884 767 2943 mihi
785 2882 893 2943 consul
909 2903 990 2944 eras.

150 2967 291 3027 5'Pecum
305 2973 356 3027 ter
372 2966 467 3027 denas
481 2970 656 3045 numeravi,
675 2968 838 3045 Postume,
860 2969 1000 3027 brumas:

212 3051 388 3111 Communis
403 3051 491 3109 nobis
506 3049 606 3111 lectus
618 3060 651 3112 et
664 3071 742 3111 unus
757 3059 833 3114 erat.

170 3135 231 3194 lam
248 3134 364 3194 donare
379 3142 487 3214 potes,
508 3135 568 3194 iarn
582 3134 717 3216 perdere
733 3134 843 3215 plenus
858 3136 1031 3210 honorum,

211 3217 328 3296 Largus
344 3237 451 3297 opum:
475 3226 622 3298 expecto,
643 3220 805 3296 Postume,
829 3217 905 3297 quid
922 3220 1029 3282 facias.

169 3300 326 3379 Niliacis,
349 3308 382 3362 et
395 3321 497 3362 serum
513 3309 561 3363 est
575 3300 668 3362 aliurn
683 3304 757 3362 milri
774 3320 925 3381 quaerere
940 3322 1063 3382 regern.

126 3395 160 3448 lo
207 3386 292 3463 Hoc,
313 3386 469 3465 Fortuna,
490 3385 616 3467 placet?
645 3388 808 3447 Postumus
821 3387 978 3467 imposuit.
