2370 3924
273 216 614 290 EPIGRAMMATON
628 229 701 291 LlB.
716 230 781 292 VH.
991 229 1051 292 163

499 430 561 495 Lll.

92 544 300 623 (1111111111,
315 541 398 623 quod
414 542 522 605 Celeri
534 549 659 605 nostros
673 543 769 624 legis,
782 545 901 624 Aucte,
916 542 1051 626 libellos,

136 628 170 689 Si
184 634 286 688 tamen
302 633 334 688 ct
350 627 493 690 Celerem
514 627 594 707 quod
611 626 708 707 logis,
727 629 845 707 Aucte,
867 631 960 695 iuvat.
1084 704 1087 710 Ι

89 711 149 774 1111
166 730 250 773 meas
265 717 375 790 gentes
390 717 423 772 et
438 711 544 773 Celtas
559 714 641 772 rexit
655 713 807 791 Hiberos,
1081 714 1109 787 ,l

133 794 200 856 Nec
213 795 275 855 fuit
287 797 320 854 in
334 800 442 855 nostro
457 797 574 857 certior
590 797 666 876 orbe
680 795 768 856 fides.

69 879 199 943 bMaior
212 898 262 939 me
277 885 364 939 tanto
380 881 557 940 reverentia
570 881 691 959 turbat,
713 886 747 941 et
761 898 851 948 aures

132 963 202 1024 Non
217 961 384 1041 auditoris,
403 961 514 1023 iudicis
528 982 597 1024 esse
609 969 695 1045 puto.

493 1096 568 1158 LIII.

91 1209 202 1272 0muia
215 1210 326 1270 misisti
343 1211 418 1270 mihi
433 1209 662 1290 Saturnalibus,
678 1210 814 1289 Umber,

132 1294 282 1372 Munera,
305 1292 500 1355 contulerant
515 1313 593 1373 quae
607 1296 665 1355 tibi
680 1296 815 1374 quinque
831 1293 914 1374 dies,

88 1379 143 1440 Bis
157 1395 250 1438 senos
262 1377 404 1458 triplices
420 1384 453 1439 et
467 1377 670 1460 dentiscalpia
685 1383 820 1458 septem:

130 1461 190 1522 His
205 1480 307 1522 comes
322 1464 453 1527 accessit
468 1464 611 1541 spongia,
632 1482 759 1542 mappa,
781 1459 876 1539 calix,

66 1543 317 1624 bSemodlusque
331 1545 421 1605 fabae
437 1565 505 1605 cum
517 1547 629 1605 vimine
643 1546 843 1623 Picenarum,

132 1630 175 1690 ut
189 1627 355 1689 Laletanae
373 1630 462 1708 nigra
474 1626 584 1706 lagona
599 1647 708 1708 sapae3

87 1713 249 1792 Parvaque
263 1731 331 1772 cum
346 1714 429 1772 canis
444 1718 597 1773 venerunt
612 1717 734 1772 cottana
746 1712 855 1792 prunis

131 1796 174 1857 Et
188 1795 323 1876 Libycae
337 1796 390 1855 fici
404 1794 544 1877 pondere
560 1801 641 1856 testa
655 1796 765 1874 gravis.

87 1880 151 1945 Vix
164 1884 239 1960 puto
254 1880 382 1958 trigiuta
396 1899 586 1939 nummorum
602 1885 668 1940 tota
681 1879 777 1939 fuisse

41 1975 80 2029 10
129 1963 279 2042 Munera,
302 1981 379 2042 quae
394 1961 526 2042 grandes
541 1968 611 2023 octo
627 1962 729 2023 tulere
742 1964 822 2043 Syri.

89 2051 212 2127 Quanto
230 2045 417 2107 commodius
433 2044 521 2106 nullo
535 2047 611 2108 mibi
625 2046 711 2107 ferre
725 2046 832 2107 labore

131 2132 265 2211 Argenti
277 2131 380 2212 potuit
393 2129 533 2213 pondera
548 2131 683 2210 quinque
700 2130 793 2212 puer!

491 2278 568 2342 LlV.

88 2390 223 2471 Semper
236 2409 325 2451 mane
340 2391 415 2451 mihi
430 2390 469 2451 de
484 2410 534 2453 me
552 2396 604 2451 tua
620 2392 736 2452 somnia
750 2410 874 2470 narras,

133 2474 219 2551 Quae
232 2479 375 2535 moveant
389 2477 520 2536 animum
536 2474 765 2557 sollicitentque
780 2493 889 2535 meum.

84 2561 151 2620 Iam
164 2559 252 2639 prior
267 2557 306 2618 ad
319 2559 455 2639 faecem,
477 2558 534 2621 sed
549 2566 581 2619 et
594 2561 672 2620 baec
685 2559 840 2620 vindemia
851 2558 952 2634 venit,

129 2643 248 2704 Exorat
260 2649 369 2703 noctes
384 2641 455 2703 dum
470 2645 546 2703 mihi
561 2662 631 2722 saga
645 2650 723 2705 tuas.

59 2727 275 2808 bconsumpsi
290 2726 446 2808 salsasque
460 2726 556 2787 molas
571 2732 604 2786 et
618 2728 696 2786 turis
711 2743 853 2801 acervos,

130 2811 309 2872 Decrevere
324 2830 452 2891 greges,
475 2810 547 2870 dum
562 2808 644 2870 cadit
658 2829 733 2889 agna
749 2809 915 2884 frequens,

85 2895 160 2956 Non
173 2914 302 2976 porcus,
325 2916 387 2956 non
406 2897 524 2957 chortis
539 2912 626 2973 aves,
647 2914 709 2955 non
724 2913 779 2954 ova
794 2893 968 2972 supersunt.

129 2979 194 3040 Aut
209 2978 302 3059 vigila
317 2986 369 3040 aut
385 2978 501 3060 dormi,
524 2979 707 3059 Nasidiene,
729 2979 796 3039 tibi.
927 3040 930 3044 ,

493 3115 559 3179 LV.

83 3221 176 3286 Nulli
190 3243 332 3305 munera,
355 3226 505 3305 chreste,
528 3227 554 3286 si
568 3225 720 3306 remittis,

82 3309 155 3372 Nec
170 3310 259 3370 nobis
274 3307 400 3370 dederis
413 3310 649 3389 remiserisque:

82 3386 222 3457 credam
238 3399 270 3453 te
286 3395 360 3454 satis
376 3413 444 3454 esse
458 3392 629 3455 liberalem.

80 3476 154 3542 Sed
168 3478 195 3538 11
209 3475 316 3538 reddis
331 3479 441 3560 Apicio
455 3477 604 3560 Lupoque

783 3558 854 3625 n*
