2370 3924
414 193 570 318 ravin.=
583 230 811 294 maurianis

177 384 274 449 Venit
289 387 326 446 ab
341 384 468 467 Orpheo
482 383 583 445 cultor
596 382 795 466 Rhodopeius
809 386 946 466 Haemo,

218 469 315 533 Venit
329 475 363 530 et
378 475 470 551 epota
488 469 626 529 Sarmata
637 475 742 549 pastus
757 488 855 550 equo,
1044 491 1049 497 ·

154 555 219 617 ant
230 555 283 634 qui
294 554 394 635 prima
405 554 486 613 bibit
497 551 644 634 deprensi
658 554 782 613 flumina
793 553 875 634 Nili,

217 639 259 699 nt
272 656 361 717 quem
374 655 535 718 supremae
550 636 690 717 Tethyos
705 637 786 697 unda
797 639 889 713 ierit3

174 723 348 783 Festinavit
361 721 478 800 Arabs,
498 718 690 782 festinavere
699 719 825 800 Sabaei,

218 807 260 866 iit
275 804 388 866 (illices
406 805 518 865 nimbis
533 805 584 865 hic
597 803 743 866 maduere
756 807 828 866 suis.

177 890 324 951 Crinibus
338 889 370 948 in
382 888 496 949 nodum
513 889 589 949 torti
602 906 717 949 venere
732 888 909 966 Sicambri‚·

136 985 171 1036 10
219 975 322 1052 Atque
334 972 426 1034 aliter
440 975 532 1033 tortis
549 973 684 1032 crinibus
697 974 878 1054 Aethiopes.

176 1058 246 1120 Vox
261 1053 383 1118 diversa
396 1061 485 1116 sonat
498 1055 699 1138 populorum,
715 1063 779 1117 tum
793 1064 898 1118 tamen
909 1075 970 1117 una
984 1062 1051 1137 est,

219 1141 297 1202 (lum
310 1159 401 1201 verus
416 1142 535 1222 patriae
551 1139 665 1200 diceris
680 1159 750 1202 esse
763 1148 862 1223 pater.

587 1264 643 1337 lVss
734 1301 738 1308 ·

179 1393 287 1453 Turba
304 1392 403 1472 gravis
417 1386 486 1475 pa'ci
501 1390 702 1474 placidaeque
717 1393 840 1452 inimica
854 1392 969 1472 quieti,
1030 1384 1034 1397 ¹

221 1477 306 1553 Quae
320 1495 444 1557 semper
458 1477 586 1536 miseras
602 1475 790 1542 sollicitabat
804 1494 895 1558 oper,
954 1529 957 1532 .

179 1559 309 1621 Tradita
324 1558 481 1643 Gaetulis,
496 1579 555 1620 nec
570 1561 654 1643 cepit
668 1561 785 1621 harena
798 1565 966 1621 nocentesx

216 1645 262 1705 nt
278 1643 399 1706 delator
414 1645 509 1707 habet
523 1642 606 1724 quad
620 1643 712 1706 dabat
725 1643 857 1706 exilium.

176 1979 289 2043 Exulat
303 1974 439 2039 Auscnia
452 1978 600 2060 profugus
617 1977 737 2040 delator
751 1982 788 2040 ab
800 1983 893 2042 urbe:
907 2020 909 2024 -

204 2066 305 2126 ·Haec
318 2062 396 2124 licet
409 2064 556 2145 impensis
569 2064 720 2146 principis
734 2083 926 2126 annumeres.

590 2197 628 2261 V.

175 2318 313 2378 iunctam
329 2315 501 2396 Pasiphaen
516 2316 644 2395 Dictaeo
660 2314 779 2377 credite
792 2320 897 2376 tauro:
956 2310 961 2320 '
977 2329 978 2333 ’

221 2398 377 2479 Vidimus,
395 2401 515 2480 accepit
529 2398 633 2460 fabula
645 2398 865 2482 prisca-iidem.

173 2483 241 2546 Nec
256 2502 290 2544 se
304 2485 450 2559 miretur,
466 2483 597 2562 Cacsar,
614 2481 761 2563 longaeva
777 2488 927 2544 vetustas:

221 2565 378 2646 Quidquid
390 2566 470 2626 fama
485 2569 582 2646 canit,
602 2573 740 2649 praestat
754 2568 870 2628 harena
883 2567 950 2628 tibi.

580 2702 632 2763 Vl.

176 2816 318 2898 Belliger
332 2819 454 2879 invictis
470 2815 553 2897 quad
565 2819 652 2880 Mars
663 2819 721 2881 tibi
739 2821 835 2880 servit
850 2820 883 2878 in
899 2819 1007 2898 armis,

216 2903 286 2964 Non
301 2905 374 2963 ratis
387 2909 451 2981 est,
473 2902 603 2983 Caesar,
623 2905 719 2965 servit
733 2905 844 2986 etipsa
859 2902 974 2967 Venus.
1071 2975 1074 2981 ,

175 3236 369 3299 Prostratum
382 3243 466 3298 vasta
479 3235 611 3299 Nemees
622 3241 655 3298 in
669 3236 750 3300 salle
763 3237 886 3300 leonem

218 3318 330 3382 Nobile
350 3328 383 3381 et
400 3320 587 3384 Herculeum
605 3323 684 3384 tama
701 3325 829 3384 canebat
845 3343 931 3405 opus.

174 3404 284 3465 Prisca
296 3403 508 3470 fidesttaceate
529 3428 597 3467 nam
612 3413 683 3490 post
697 3414 748 3469 tua
763 3427 905 3488 munera,
928 3407 1059 3487 Caesar,

217 3489 286 3550 Hac
299 3490 359 3550 iam
373 3490 507 3551 femineo
524 3536 899 3557 ........
