2370 3924
87 233 152 300 254
291 239 334 298 M.
351 238 441 301 VAL.
456 238 682 300 MARTIALIS
696 241 829 303 EPIGR.
843 243 879 304 L.
893 245 934 306 X.

175 391 361 467 Gaditanus,
384 392 493 468 Avite,
515 389 598 450 dicat
612 390 711 470 istud,

175 476 235 550 Qui
250 475 359 535 scribit
374 472 454 533 nihil
469 480 502 534 et
520 479 623 533 tamen
639 481 732 554 poeta
746 482 804 538 est.

568 607 644 667 0111.

173 721 365 801 Municipes,
387 722 525 799 Augusta
538 721 614 780 mihi
631 739 707 801 quos
724 720 849 783 llilbilis
865 727 932 785 acri

87 845 98 863 .
214 804 324 865 Monte
339 810 443 883 creat,
464 803 581 883 rapidis
597 823 687 883 quem
704 803 776 866 Salo
791 808 889 885 cingit
904 813 1013 891 aquis,

172 887 295 966 Ecquid
308 886 486 959 laetaiuvat
499 889 596 948 vestri
612 907 666 948 vos
682 887 782 966 gloria
795 891 895 950 vatis?

214 972 290 1031 Nam
305 970 399 1031 decus
416 977 449 1030 et
463 990 575 1031 nomen
589 971 730 1050 famaque
747 979 851 1033 vestra
866 995 993 1058 sumus,

150 1054 238 1117 bNec
254 1074 307 1117 sua
320 1052 391 1135 plus
405 1053 500 1114 debet
515 1056 602 1115 tenni
616 1055 742 1117 Verona
759 1055 883 1117 Catullo

214 1138 331 1216 Meque
346 1137 423 1198 velit
436 1137 498 1198 dici
513 1158 575 1198 non
589 1138 689 1198 minus
702 1137 758 1199 illa
772 1160 868 1200 suum.

172 1223 325 1297 Quattuor
339 1223 470 1282 accessit
482 1224 639 1282 tricesima
653 1223 805 1284 messibus
820 1233 935 1304 aestas,

214 1307 259 1366 Ut
272 1308 339 1366 siue
354 1323 403 1365 me
419 1307 529 1366 Cereri
543 1307 659 1366 rustica
672 1305 736 1366 liba
752 1306 840 1369 datis.

172 1390 299 1450 Moenia
316 1389 385 1449 dum
402 1390 529 1450 colimus
544 1388 686 1450 dominae
700 1388 911 1470 pulcherrima
925 1393 1065 1476 Romae,

130 1483 164 1536 10
214 1474 375 1533 Mutavere
390 1491 474 1533 meas
488 1471 564 1534 ltala
579 1492 675 1552 regna
693 1493 803 1535 comas.

175 1558 326 1638 Excipitis
341 1556 462 1637 placida
473 1556 621 1617 reducem
635 1559 662 1616 si
676 1564 796 1636 mente,
816 1559 977 1637 venimus3

213 1642 333 1722 Aspera
351 1642 377 1701 si
392 1642 499 1719 geritis
515 1639 626 1719 corda,
645 1640 751 1702 redire
768 1640 852 1703 licet.

572 1774 650 1837 CIV.

172 1888 186 1949 l
200 1896 306 1948 nostro
322 1908 442 1968 comes,
462 1891 473 1948 i
487 1887 614 1966 libelle,
637 1888 730 1949 Flavo

171 1972 308 2051 Longum
321 1992 379 2053 per
394 1991 495 2051 mare,
517 1971 572 2032 sed
588 1973 720 2032 faventis
734 1973 851 2053 undae,

170 2057 211 2115 nt
226 2075 316 2116 cursu
330 2055 416 2116 facili
429 2059 552 2135 tuisque
566 2058 665 2116 ventis

173 2141 329 2220 Hispanae
343 2147 417 2220 pete
433 2141 618 2199 Tarraconis
633 2159 729 2199 arces.

151 2224 265 2287 olliine
278 2232 311 2285 te
327 2232 396 2285 rota
408 2223 500 2285 tollet
515 2231 546 2284 et
563 2226 673 2283 citatus

171 2307 274 2368 Altam
288 2308 415 2369 Bilbilin
430 2315 463 2368 et
475 2316 560 2369 tuum
576 2305 720 2366 Salonem

173 2393 286 2468 Quinto
300 2394 430 2452 forsitan
446 2391 556 2451 essedo
570 2390 698 2450 videbis.

172 2474 254 2550 Quid
268 2474 409 2534 mandem
423 2477 498 2551 tibi,
523 2475 667 2553 quaeris?
697 2474 740 2534 Ut
755 2472 878 2533 sodales

170 2559 304 2636 Paucos,
328 2556 383 2617 red
397 2566 520 2619 veteres
538 2564 571 2616 et
585 2564 655 2617 ante
670 2558 791 2617 brumas

129 2642 313 2721 lo'lriginta
327 2644 402 2702 mihi
420 2648 625 2723 quattuorque
638 2642 719 2701 visos

170 2727 238 2807 lpsa
252 2729 393 2807 protinus
407 2749 424 2787 a
438 2728 485 2787 via
500 2725 616 2786 salutes

169 2812 211 2872 llt
225 2817 363 2872 nostrum
378 2811 541 2872 admoneas
556 2807 687 2871 subinde
703 2806 847 2886 Flavum,

169 2895 319 2956 Iucundos
333 2899 408 2956 mihi
423 2915 481 2955 nec
497 2893 669 2954 laboriosos

170 2979 318 3040 Secessus
332 2981 434 3059 pretio
450 2983 539 3057 paret
554 2975 687 3054 salubri,

128 3073 161 3127 15
171 3064 229 3138 Qui
244 3065 364 3142 pigrum
378 3063 493 3121 faciant
507 3066 592 3120 tuum
607 3064 778 3140 parentem.

169 3146 255 3206 Haec
272 3152 351 3205 sunt.
379 3145 440 3204 lam
454 3144 588 3205 tumidus
602 3152 690 3203 vocat
704 3144 851 3221 magister

170 3230 368 3308 Castigatque
384 3249 499 3307 moras,
522 3235 555 3288 et
569 3248 642 3287 aura
653 3233 775 3307 portum

169 3313 293 3372 Laxavit
307 3311 435 3387 melior3
456 3311 541 3391 vale,
563 3310 687 3371 libelle:

168 3395 299 3473 Navem,
320 3396 380 3456 scis
397 3403 489 3477 puto,
510 3415 573 3455 non
589 3401 726 3455 moratur
740 3413 826 3455 nnus.

141 3669 158 3701 ⁵
189 3660 198 3700 5
243 3670 312 3718 'aasz
337 3632 404 3707 ile.
442 3659 508 3707 ia·
541 3642 598 3698 ¹2¹²·
664 3623 697 3682 ΨΧ
727 3634 808 3679 ‘⁸⁶¹‘
