2370 3924
91 215 131 281 76
410 216 456 278 M.
472 216 563 278 VAL.
579 215 804 277 MARTIALIS

173 369 342 433 Custodem
355 369 458 431 medio
473 369 582 429 statuit
598 388 689 448 quam
701 367 810 429 vilicus
824 370 933 450 horto,

115 467 165 519 1.0
216 455 366 535 Opposita
380 458 501 533 spectat
516 472 605 532 quam
619 453 760 532 proba
732 471 818 531 virgo
832 472 933 516 manu

77 580 80 587 -
172 539 206 600 Si
218 540 300 599 bene
314 545 347 599 te
363 539 449 615 novt,
468 536 619 615 longum
608 554 669 595 ram
682 534 764 595 lassa
777 535 917 597 libellum

212 622 372 699 Ponebas,
393 626 512 680 tantum
526 639 607 680 nunc
621 617 759 680 studiosa
776 619 872 700 leges.

554 752 660 813 LXIX.

135 869 280 929 Omnia
295 865 378 946 quod
390 865 501 926 scribis
517 866 608 924 castis
626 865 845 945 epigrammata
860 868 964 930 verbis

214 951 311 1030 Inque
325 951 386 1010 tuis
400 946 488 1009 nulla
499 955 548 1009 est
561 947 700 1008 mentula
714 951 915 1029 carminibus,

170 1033 335 1126 Admiror‚
356 1032 464 1109 laudo,
487 1030 566 1092 nihil
580 1037 628 1092 est
643 1040 674 1092 tc
691 1034 824 1092 sanctius
839 1054 916 1094 uno:

103 1184 106 1189 ,
210 1119 254 1178 At
268 1120 336 1177 mea
350 1115 471 1176 luxuria
484 1117 595 1196 pagina
608 1115 691 1176 nulla
705 1123 800 1177 vacat.

105 1186 257 1265 'iffiaec
272 1203 368 1279 igitur
380 1218 512 1279 nequam
526 1201 653 1260 iuvenes
667 1198 838 1278 facilesque
852 1200 995 1281 puellae,

211 1286 298 1345 Haec
312 1287 434 1362 senior,
456 1282 513 1343 sed
525 1301 615 1362 quem
630 1289 758 1362 torquet
773 1286 884 1363 amca,
904 1284 1000 1365 legat

143 1371 211 1429 At
222 1375 291 1447 tua,
313 1369 461 1446 Cosconi,
483 1365 720 1447 venerandaque
736 1375 901 1448 sanctaque
915 1372 1013 1432 verba

142 1456 147 1527 j
212 1454 358 1534 Apueris
376 1451 493 1512 dehent
510 1452 741 1530 virginibusque
755 1450 829 1530 legi.

560 1585 653 1647 LXX.

168 1699 321 1760 Moechus
337 1717 371 1759 es
384 1697 544 1776 Aufidiae,
565 1698 619 1775 qui
632 1697 696 1773 vir,
718 1694 884 1777 Scaevino,
905 1698 1011 1777 fuisti3

211 1780 327 1842 Rivalis
342 1783 445 1840 fuerat
460 1783 513 1859 qui
528 1787 615 1854 tuus,
637 1777 692 1837 ille
707 1781 754 1838 vir
769 1785 827 1840 est.

170 1865 233 1925 (lur
248 1863 347 1924 aliena
361 1862 465 1943 placet
477 1865 552 1942 tihi,
573 1881 651 1941 quae
666 1869 734 1940 tua,
756 1883 819 1923 non
830 1862 937 1944 placet
950 1869 1051 1929 uxor‘l

209 1947 365 2026 Numquid
379 1965 505 2008 securus
519 1965 582 2005 non
595 1953 686 2025 potes
701 1948 863 2027 arrigere⁴.²

550 2079 655 2141 LXXI.

167 2190 309 2254 Mentula
324 2213 391 2253 cum
407 2190 512 2253 doleat
525 2212 639 2274 puero,
660 2194 718 2253 tibi
726 2193 907 2275 ‚Naevcle‚
930 2195 1036 2278 culus,

209 2276 279 2337 Non
293 2296 359 2337 sum
377 2276 512 2356 diuum,
535 2277 670 2338 sedacio
687 2276 761 2357 quid
774 2278 878 2341 facias.

548 2426 667 2487 LXXII.

166 2539 222 2599 Via
240 2539 334 2617 futui,
353 2557 412 2598 nec
426 2540 473 2598 vis
485 2557 621 2616 mecum,
644 2538 783 2618 Saufeia,
805 2537 910 2601 lavari.

207 2622 320 2683 Nescio
336 2621 420 2701 quod
432 2641 573 2701 maguum
588 2623 728 2702 suspicor
743 2641 812 2684 esse
827 2623 923 2682 nefas.

166 2706 229 2766 Aut
244 2707 303 2766 tibi
317 2726 473 2786 pannosae
488 2706 669 2787 dependent
681 2714 811 2787 pectore
824 2725 988 2784 mammae,

208 2791 271 2851 Aut
286 2791 388 2852 sulcos
404 2794 487 2852 uteri
501 2790 638 2871 prodere
651 2791 733 2850 nuda
747 2792 855 2864 times;

146 2876 235 2934 adut
248 2876 370 2936 infinito
385 2874 523 2936 lacerum
537 2882 625 2955 patet
638 2878 753 2954 Inguen
766 2876 869 2952 hiatu,

207 2959 270 3018 Aut
283 2957 400 3038 aliquid
416 2961 509 3018 cunni
523 2960 680 3038 prominet
692 2977 747 3018 ore
762 2961 817 3019 tui.

166 3039 231 3100 Sed
244 3041 324 3101 nihil
338 3049 387 3102 est
400 3044 527 3120 horum,
544 3041 657 3120 credo,
677 3041 889 3123 pulcherrima
903 3040 984 3102 nuda
999 3061 1044 3105 es.

206 3124 241 3184 Si
254 3143 361 3185 verum
375 3132 441 3204 est,
461 3127 569 3186 vitium
586 3127 674 3205 peius
689 3128 801 3187 habes:
822 3126 906 3187 fatua
925 3144 968 3188 es.

532 3260 665 3321 LXXIII.

165 3367 288 3428 Dormis
303 3389 371 3430 cum
384 3373 491 3451 pueris
505 3375 700 3452 mutuniatis,

167 3452 210 3513 Idt
223 3471 286 3512 non
301 3459 363 3514 stat
376 3456 453 3535 tibi,
472 3457 615 3538 Phoebe,
637 3456 721 3538 quod
735 3463 797 3517 stat
809 3454 884 3519 illis.
