2370 3924
339 213 681 275 EPIGRAMMATON
693 215 769 280 LlB.
785 217 834 278 Xl.
1049 221 1113 286 279

537 365 645 430 xcvl.

146 481 283 558 Marcia,
304 497 366 538 nou
380 478 522 558 Rhenus,
545 478 617 539 salit
630 480 696 558 hic,
719 481 891 543 Germane:
918 483 992 563 quid
1007 489 1110 549 obstas

189 564 233 626 Et
246 580 376 644 puerum
389 563 539 643 prohibes
553 562 656 624 divitia
669 565 769 624 imbre
783 563 894 626 lacus?

146 648 302 726 Barbare,
321 666 384 706 non
400 645 494 707 debet
508 649 649 707 submoto
666 649 732 708 cive
746 651 881 709 ministri

192 732 349 813 captivam
364 730 475 790 victrix
489 730 570 791 unda
583 730 689 792 levare
704 733 797 796 sitim.

531 864 652 928 XCVII.

148 980 218 1040 Una
231 986 324 1040 nocte
340 985 450 1059 quater
463 999 601 1060 possum:
624 979 679 1042 sed
696 987 841 1061 quattuor
855 981 942 1040 annis

191 1063 226 1122 Si
240 1082 381 1144 possum,
401 1082 543 1144 peream,
564 1070 598 1125 te
613 1063 768 1126 Telesilla
784 1062 889 1125 semel.
944 1153 946 1157 y

519 1198 655 1261 xcvffl.

146 1295 296 1373 Effugere
309 1315 372 1357 non
386 1304 452 1375 est,
466 1296 602 1376 Flacce,
623 1297 804 1358 basiatores.

147 1379 282 1458 instant,
303 1387 480 1459 morantur,
501 1386 724 1462 persecuntur,
747 1387 932 1459 occurrunt,

146 1463 189 1523 ua
202 1462 276 1523 hinc
290 1470 324 1524 et
337 1463 446 1543 illinc,
467 1483 703 1544 usquequaque,
726 1482 917 1543 quacunque.

145 1547 216 1607 Non
232 1546 320 1608 ulcus
335 1567 406 1608 acre
419 1550 598 1628 pustulaeve
612 1548 770 1625 lucentes,

120 1629 209 1693 bNec
223 1633 314 1693 triste
329 1637 464 1693 mentum
479 1631 658 1712 sordidique
673 1631 829 1709 lichenes,

146 1714 212 1775 Nec
225 1712 313 1776 labra
347 1719 432 1796 ingui
450 1715 588 1777 delibuta
604 1722 726 1792 cerato,

146 1798 213 1859 Nec
229 1735 385 1878 congelati
399 1806 484 1879 gutta
498 1799 642 1880 proderit
655 1800 736 1860 nasi:

146 1883 190 1944 Et
203 1889 394 1944 aestuantem
410 1886 530 1945 basiant
546 1891 580 1945 et
593 1882 765 1963 algentem,

146 1967 190 2028 Et
204 1966 342 2047 nuptiale
356 1969 474 2028 basium
492 1968 711 2029 reservantem.

103 2050 216 2113 loNon
229 2057 262 2110 te
278 2049 408 2111 cucullis
428 2058 550 2112 asseret·
561 2058 653 2132 caput
667 2057 803 2128 tectum,

147 2134 275 2195 Lectica
289 2153 348 2195 nec
363 2140 396 2196 te
410 2141 477 2196 tuta
489 2134 574 2215 pelle
588 2133 739 2214 veloque,

147 2217 214 2278 Nec
228 2218 398 2280 vindicabit
412 2217 489 2279 sella
505 2220 626 2299 saepius
642 2216 741 2278 clusa:

146 2302 251 2362 Rimas
266 2321 324 2384 per
340 2321 446 2362 omnes
460 2303 595 2362 basiator
608 2302 748 2361 intrabit.

146 2384 217 2446 Non
232 2385 410 2446 consulatus
425 2387 510 2466 ipse,
533 2404 595 2445 non
608 2386 782 2444 tribunatus

104 2477 139 2531 15
146 2468 260 2530 Senive
274 2469 393 2549 fasces,
413 2488 473 2529 nec
488 2471 619 2549 superba
635 2467 760 2528 clamosi

147 2552 282 2613 Lictoris
297 2555 400 2632 abiget
413 2555 498 2630 virga
512 2554 706 2614 basiatorem.

147 2635 265 2697 Sedeas
278 2638 311 2696 in
326 2636 387 2697 alto
401 2644 434 2697 tu
449 2636 525 2696 licet
538 2633 687 2696 tribunali

146 2720 223 2783 lete
242 2720 342 2781 curuli
356 2722 423 2781 iura
437 2722 580 2799 gentibus
594 2716 725 2796 reddas,

146 2804 307 2865 Ascendet
320 2803 374 2865 illa
388 2806 524 2866 basiator
539 2810 631 2882 atque
645 2799 718 2879 illa,

100 2886 387 2952 2⁰Febricltantem
402 2889 534 2948 basiabit
549 2893 581 2947 et
595 2887 739 2963 flentem,

146 2973 241 3032 Dabit
256 2974 401 3033 oscitanti
413 2973 531 3033 basium
545 2971 746 3049 nutantique,

146 3057 240 3117 Dabit
254 3064 288 3117 et
302 3059 428 3118 cacanti.
458 3055 639 3116 Remedium
654 3054 726 3113 mali
742 3049 839 3111 solum
856 3055 921 3127 cst,

146 3139 256 3201 Facias
272 3143 400 3202 amicum
415 3141 536 3202 basiare
553 3159 643 3219 quem
657 3136 747 3199 nolis.

534 3272 641 3333 xcix.

145 3386 195 3445 lle
209 3384 358 3445 cathedra
374 3387 517 3464 quotiens
533 3386 634 3462 surgis
649 3384 764 3442 -iam
779 3401 872 3463 saepe
887 3380 989 3443 notavi
1004 3412 1043 3421 --

190 3467 362 3528 Paedicant
376 3470 524 3547 miserae,
545 3467 674 3547 Lesbia,
695 3474 727 3525 te
741 3467 874 3528 tunicae.
