2346 3938
109 239 171 305 184
432 241 477 303 Μ.
493 240 586 304 VAL.
602 239 828 302 MARTIALIS

561 441 698 506 xxxvi.

192 557 288 635 Regia
302 555 510 638 pyramidum,
533 557 663 635 Caesar,
684 554 831 616 miraoula
843 555 933 619 ride:

233 640 294 700 lam
309 647 394 701 tacet
406 641 505 702 Iloum
522 641 653 700 barbara
667 640 824 719 Memphis
842 659 930 720 opus.

191 724 268 785 Pars
284 731 376 804 quota
389 723 572 784 Parrhasiae
586 723 674 784 labor
689 730 737 784 est
751 723 945 786 Mareoticus
962 724 1076 788 aulae?

234 806 355 870 Clarius
370 810 402 868 in
417 814 485 868 toto
498 806 543 868 nil
557 807 642 869 uidet
656 808 733 868 orbe
748 804 825 868 (lies.

170 891 349 972 5Septenoa
362 894 482 972 pariter
497 892 607 952 eredas
623 909 785 971 assurgere
800 897 939 972 montes,

233 975 446 1036 Thessalicum
463 978 589 1037 brevior
603 976 713 1037 Pelion
729 976 806 1037 Ossa
818 974 901 1038 tulit.

191 1061 329 1120 Aethera
344 1063 389 1121 alc
402 1063 515 1138 intrat,
537 1060 645 1120 nitidis
659 1066 694 1120 ut
709 1059 851 1120 conditus
866 1060 961 1120 astris

233 1141 388 1204 inferiore
403 1151 491 1205 tonet
506 1146 589 1205 nabe
608 1162 737 1205 serenus
752 1161 830 1223 apex

190 1228 232 1289 Et
245 1230 331 1307 prius
346 1249 456 1290 arcano
472 1231 602 1289 satietur
618 1229 743 1289 numine
758 1226 895 1306 Phoebi,

149 1321 182 1374 10
231 1312 394 1373 Nascentis
409 1313 501 1374 Circe
519 1332 607 1392 quam
623 1313 709 1374 videt
726 1331 782 1373 ora
794 1312 902 1392 patris.

66 1422 87 1493 *l
190 1396 293 1474 Haeo,
317 1399 471 1476 Auguste,
493 1403 614 1476 tamen,
637 1415 715 1476 quae
730 1396 850 1457 vertice
863 1393 969 1455 sidera
979 1392 1091 1475 pulsat,

85 1498 90 1557 ᾗ
121 1504 127 1581 3¹
231 1480 292 1540 Par
308 1478 415 1542 domus
430 1486 479 1541 est
495 1478 599 1560 eaelo,
620 1481 677 1541 sed
691 1481 791 1540 minor
806 1485 856 1539 est
869 1478 1003 1540 domiuo.

549 1614 701 1678 XXXVII.

191 1727 280 1804 Quod
295 1728 443 1789 Caietano
457 1725 580 1806 reddis,
601 1724 822 1806 Polycharme,
843 1721 991 1799 tabellas,

232 1810 320 1871 Milia
333 1818 366 1872 te
383 1819 505 1873 centum
520 1830 592 1871 num
608 1811 755 1871 tribuisse
771 1809 884 1892 putas?

190 1895 328 1973 „Debuit
345 1896 444 1955 haec“
461 1897 574 1975 inquis.
603 1895 676 1956 Tibi
686 1896 777 1976 babe,
787 1893 1001 1974 Polycharme,
1015 1882 1112 1951 tabellas

231 1978 272 2039 Et
288 1979 435 2040 Caietano
451 1979 533 2039 milia
548 1979 642 2040 crede
658 1978 727 2044 duo.

546 2114 709 2175 XXXVlli.

190 2227 249 2303 Qui
263 2233 401 2308 praestat
415 2228 532 2307 pietate
546 2228 698 2306 pertinaci

189 2311 324 2371 Sensuro
343 2313 424 2371 bona
437 2309 652 2388 liberalitatis,

189 2395 302 2475 Captet
315 2395 445 2454 forsitan
462 2401 513 2453 aut
529 2397 625 2454 vicem
639 2397 792 2473 reposcat.

190 2480 232 2537 Aa
249 2480 359 2556 siquis
376 2477 450 2537 dare
467 2479 584 2536 nomini
598 2477 710 2537 relicto

167 2563 264 2624 5Post
278 2580 382 2622 manes
397 2560 609 2640 tumulumque
623 2570 813 2645 perseverat,

116 2690 120 2697 -
189 2647 319 2723 Quaerit
334 2646 424 2726 quid,
444 2647 504 2705 nisi
519 2647 641 2727 parcius
657 2645 789 2706 dolere?

111 2746 116 2757 '
187 2729 298 2791 Refert
313 2733 354 2791 ssi
370 2734 485 2808 bonus,
506 2752 542 2791 an
557 2729 635 2791 volis
650 2731 760 2791 uideri.

188 2816 331 2876 Praestas
346 2817 423 2893 hoa,
445 2815 578 2895 Melior,
600 2817 719 2876 sciente
734 2816 829 2895 fama,

188 2901 246 2976 Qui
261 2898 462 2961 sollemnibus
478 2903 583 2960 anxius
598 2899 713 2980 sepulti

146 2984 304 3047 lONomen
317 3004 379 3043 non
393 2985 468 3044 sinis
485 2985 617 3043 interire
631 2984 749 3063 Blaesi,

187 3068 229 3127 Et
244 3066 284 3127 de
299 3069 440 3127 munifica
455 3068 600 3146 profusus
616 3087 684 3127 arca

188 3150 236 3211 Ad
251 3151 425 3211 natalicium
440 3149 521 3211 diem
539 3150 702 3212 colendum

188 3235 365 3295 Scribarum
379 3239 508 3296 memori
523 3239 655 3317 piaeque
670 3239 780 3297 turbae

188 3317 277 3394 Quod
293 3318 404 3398 donas,
424 3321 500 3381 facis
510 3323 583 3402 ipse
598 3322 801 3382 Blaesianum.

146 3404 252 3465 15Hoo
266 3403 392 3484 longum
409 3406 481 3483 tibi,
503 3408 565 3465 vita
580 3406 649 3466 dum
665 3407 817 3486 manebit,
873 3424 878 3432 ·

186 3488 255 3547 Hoc
270 3493 387 3567 etpost
402 3490 524 3550 cineres
539 3491 601 3550 erit
615 3493 773 3551 tributum.

67 3622 203 3696 fl
