2370 3924
338 204 680 268 EPIGRAMMATON
692 205 767 267 nln.
782 204 805 267 Ι.
1052 201 1094 272 27

129 363 256 424 Mutare
271 359 426 420 dominum
439 378 502 418 non
515 364 621 438 potest
636 357 719 419 liber
733 365 834 421 notus.

86 459 123 512 10
131 445 196 506 Sed
212 445 366 526 pumicata
379 443 485 502 fronte
500 443 526 502 si
542 445 610 521 quis
625 449 674 503 est
689 441 825 503 nondum

130 530 198 591 Nec
211 525 367 589 umbilicis
385 525 485 587 cultus
498 531 592 605 atque
610 528 802 605 membrana,

130 614 296 676 Mercarc:
317 607 397 671 tales
412 610 530 684 habeo;
550 627 609 694 nec
623 611 702 670 sciet
717 611 886 690 qnisquam.

129 695 245 758 Aliena
260 695 398 775 quisquis
415 693 529 754 recitat
546 698 578 752 et
591 694 674 773 petit
687 693 814 772 famam,
907 746 914 761 ,

129 781 201 842 Non
215 796 322 839 emere
335 777 465 854 librum,
486 775 543 836 sed
557 774 716 837 silentium
730 775 832 841 debet.

512 910 632 972 LXVII.

130 1024 229 1085 Liber
244 1024 336 1083 homo
355 1041 389 1082 es
404 1023 548 1098 nimium,
572 1020 650 1081 dicis
668 1023 760 1100 mihi,
781 1022 915 1104 Gerylc,
938 1043 1070 1108 semper.

173 1107 209 1168 ln
223 1113 257 1167 te
273 1108 326 1188 qni
341 1105 434 1184 dicit,
455 1104 587 1185 Cerylo,
606 1103 690 1166 liber
702 1107 794 1205 homo
809 1114 865 1169 cst.

502 1237 636 1302 valll.

133 1351 293 1433 Quidquid
307 1353 370 1431 agit
383 1351 499 1430 Rufus,
521 1350 600 1412 nihil
617 1358 666 1413 est
679 1355 741 1413 alsi
754 1353 869 1413 Naevia
882 1353 972 1414 Rufo.

175 1437 209 1497 Si
225 1434 354 1517 gaudet,
377 1435 491 1513 sidet,
514 1436 540 1495 si
554 1441 653 1513 tacet,
675 1437 755 1497 hanc
768 1435 915 1516 loquitur.

132 1522 249 1598 cenat,
270 1521 433 1601 propinat,
453 1520 571 1599 poscit,
593 1524 702 1598 negat,
724 1522 841 1581 innuit:
865 1539 926 1580 una
941 1530 990 1581 est

174 1605 305 1678 Naevia;
328 1605 431 1663 sinon
446 1604 488 1662 sit
501 1602 630 1680 Naevia,
652 1609 753 1663 mutus
767 1605 837 1665 erit.

108 1689 312 1769 sscrtpsarat
324 1688 472 1748 hesterna
486 1686 569 1766 patri
584 1705 652 1746 cnm
664 1683 736 1746 lace
752 1685 897 1748 salutem:

177 1773 313 1852 „Naevia
326 1769 401 1831 lux“
417 1770 518 1850 inquit
532 1769 668 1848 „Naevia
680 1770 802 1849 lamen,
824 1771 913 1834 ave.“

131 1858 220 1917 Haec
233 1855 315 1935 legit
329 1861 362 1916 et
376 1854 460 1915 ridet
476 1851 609 1914 demisso
623 1854 738 1916 Naevia
752 1853 847 1917 voltu.

175 1941 291 2001 Naevia
306 1958 369 1999 non
385 1958 444 1998 nna
458 1943 522 1998 est:
546 1936 635 2016 quid,
658 1941 705 2000 vir
719 1941 844 2020 inepte,
866 1939 966 2002 innisi

517 2073 622 2135 LXIX.

133 2186 264 2266 Coepit,
285 2184 437 2261 Maxime,
458 2183 541 2245 Pana
557 2187 610 2266 qui
624 2183 760 2264 solebat,

131 2269 222 2330 Nunc
238 2266 407 2328 ostendere
423 2267 551 2328 Canium
567 2268 731 2333 'larentos

521 2416 614 2479 Lxx.

133 2528 222 2592 Vade
237 2526 401 2588 salutatum
415 2548 473 2609 pro
489 2548 553 2608 me,
575 2529 672 2591 liber:
693 2533 741 2591 ire
756 2532 875 2592 iuberis

175 2610 226 2674 Ad
240 2611 369 2672 Proculi
383 2612 518 2692 nitidos,
542 2613 699 2692 officiose,
719 2613 814 2677 lares.

132 2696 267 2774 Quaeris
281 2696 360 2775 lter,
383 2694 496 2757 dicam:
517 2698 651 2758 vicinum
666 2699 794 2760 Castora
810 2718 903 2759 canae

176 2779 341 2840 Transaibi
358 2779 473 2842 Vestae
487 2781 718 2860 uirgineamque
732 2780 871 2857 domum;

109 2862 214 2926 slnde
229 2882 319 2923 sacro
333 2863 510 2924 veneranda
522 2869 613 2944 petes
627 2862 747 2925 Palatia
763 2864 856 2945 clivo,

176 2945 316 3008 Plurima
335 2967 394 3028 qua
408 2950 517 3009 summi
531 2946 631 3028 fulget
644 2949 744 3028 imago
758 2947 855 3011 ducis.

133 3032 247 3093 Necte
262 3030 403 3093 detineat
416 3035 488 3092 miri
501 3032 620 3093 radiata
634 3033 747 3093 colossi

175 3115 262 3192 Quae
276 3115 431 3176 Rhodiam
446 3115 544 3178 moles
557 3119 683 3178 vincare
698 3117 811 3196 gaudet
828 3117 913 3198 opas.

132 3199 244 3260 Flecte
258 3201 322 3259 vias
336 3201 394 3260 hac
410 3220 469 3280 qua
483 3200 599 3261 madidi
613 3209 685 3261 sunt
698 3208 782 3261 tecta
797 3202 894 3280 Lyaei

93 3294 129 3345 10
176 3283 220 3344 Et
235 3282 370 3362 Cybeles
387 3284 472 3364 picto
487 3291 548 3345 stat
564 3286 741 3364 Corybante
755 3290 853 3349 torus.

134 3367 282 3427 Protinus
299 3367 415 3428 alaeva
430 3366 507 3429 clari
524 3369 583 3428 tibi
595 3368 701 3428 fronte
714 3369 849 3429 Penates

179 3451 330 3531 Atriaque
346 3450 488 3514 excelsae
503 3458 574 3513 sunt
588 3450 729 3513 adeunda
743 3451 864 3517 domus.
