2370 3924
347 725 393 805 ll.
412 728 520 806 VAL.
542 729 798 808 MAR'llALlS

259 902 887 999 lll’llllllllllllllll

460 1085 673 1148 umuuxrv.

381 1272 770 1354 Apophoreta

562 1424 583 1483 Ι.

136 1536 342 1618 Synthesibus
357 1534 428 1595 dum
444 1534 558 1615 gaudet
571 1553 668 1613 eques
683 1533 885 1613 dominusque
899 1547 1024 1597 senator

178 1621 318 1699 Dumque
332 1619 446 1680 decent
461 1626 600 1680 nostrum
614 1619 698 1699 pilea
712 1627 832 1700 sumpta
845 1621 963 1695 lovem3

133 1703 200 1766 Neo
214 1705 304 1765 timet
317 1702 450 1763 aedilem
465 1709 548 1762 moto
563 1709 705 1784 spectare
718 1703 845 1783 fritillo,

180 1789 257 1848 (lum
272 1785 377 1848 videat
391 1785 512 1866 gelidos
528 1793 590 1847 tam
604 1806 703 1869 prope
718 1807 813 1848 verua
826 1788 926 1850 lacus:

112 1871 249 1936 ollivitis
264 1871 399 1933 alternas
415 1878 448 1932 et
462 1873 608 1952 pauperis
623 1873 728 1952 accipe
744 1878 862 1934 sortes:

176 1956 317 2016 Praemia
331 1957 474 2016 convivae
491 1954 567 2016 deut
580 1976 634 2016 sua
649 1958 778 2036 quisque
793 1977 857 2019 suo.

134 2039 237 2119 „Suui
250 2041 358 2120 apinae
373 2041 532 2119 tricaeque
547 2045 580 2100 et
594 2043 620 2099 si
636 2040 710 2118 quid
723 2040 812 2102 vilius
826 2041 929 2103 lstia.“

180 2123 255 2199 Quis
268 2123 392 2190 nescit?
412 2121 464 2182 vel
480 2125 549 2202 quis
566 2130 629 2182 tam
645 2125 809 2184 manifesta
823 2127 939 2204 negat?

136 2205 200 2267 Sed
215 2207 289 2287 quid
305 2226 389 2286 agam
403 2207 507 2286 potius
522 2205 667 2284 madidis,
689 2207 838 2286 Saturne,
861 2208 987 2287 diebus,

96 2300 132 2355 lo
180 2292 263 2367 Quos
280 2292 337 2350 tibi
350 2310 408 2370 pro
425 2289 510 2349 caelo
524 2289 608 2350 lilius
623 2292 691 2371 ipse
706 2288 817 2351 dedit?

134 2375 190 2438 Vis
204 2376 336 2436 scribam
352 2375 477 2434 'lhebas
493 2373 655 2435 Troiamve
670 2372 803 2439 malasve
818 2377 989 2456 Mycenas?

178 2456 326 2536 „Lude,“
346 2460 464 2538 inquis,
486 2459 674 2537 „nucibus“:
696 2459 833 2540 perdere
846 2459 1038 2541 uolonuoes.

135 2689 203 2763 Quo
217 2688 264 2747 vis
280 2707 401 2767 cunque
415 2686 486 2750 loeo
501 2594 689 2770 pdt’ea'hune
702 2690 794 2749 finire
808 2688 958 2754 libellum.

175 2771 328 2835 Versibus
343 2769 523 2853 explicitum
539 2778 588 2832 eat
601 2791 691 2833 omne
707 2770 825 2834 duobus
842 2793 927 2854 opus.

556 2907 593 2970 11.

132 3003 292 3066 Lemmata
306 3005 333 3064 si
348 3007 470 3084 quaeris
485 3025 540 3066 aur
555 3007 618 3066 sint
632 3007 783 3087 ascripta,
803 3004 938 3067 docebo:

175 3089 236 3166 Ut,
257 3089 283 3149 si
299 3087 462 3169 malueris,
480 3087 625 3149 lemmata
639 3087 704 3149 sola
717 3089 813 3169 legas.

391 3218 440 3279 ΙΙΙ.
466 3217 642 3298 Pugillares
657 3218 754 3277 citrei.

135 3311 228 3372 Secta
242 3313 304 3374 uisi
317 3315 349 3374 iu
365 3321 476 3375 tenues
491 3332 628 3374 essemus
642 3313 725 3392 ligna
741 3313 888 3394 tabellas,

174 3397 321 3458 Essemus
335 3399 445 3479 Libyci
460 3397 565 3458 nobile
580 3397 684 3459 dentis
701 3417 786 3460 onus.

133 3477 239 3542 mrsu.
848 3480 901 3543 Ἃ.
