2370 3924
90 220 149 283 120
419 222 463 284 M.
482 221 572 284 VAL.
589 222 813 283 MAR'l'lALlS

586 373 635 433 Ll.

176 488 252 565 llic,
276 489 329 567 qui
340 483 458 546 libellis
473 504 671 566 praegravem
688 487 770 562 gerit
787 487 919 570 laevam,

102 637 105 640 Α
175 571 372 634 Notariorum
391 588 482 649 quem
496 570 611 648 premit
625 570 737 628 chorus
750 568 846 650 levis,

176 655 236 730 Qui
251 652 403 714 codicillis
419 654 491 712 bine
510 660 542 712 et
556 651 629 712 inde
643 651 772 732 prolatis

175 737 386 818 Epistolisque
404 734 575 796 commodat
590 755 712 814 gravem
727 736 844 799 voltum

154 820 294 885 5Similia
311 821 422 881 (latoni
438 819 607 898 Tullioque
622 820 796 900 Brutoque,

176 907 377 985 Exprimere,
399 903 497 982 Rufe,
517 903 661 964 fidiculae
674 902 752 964 licet
766 912 898 985 cogant,

176 990 241 1049 Ave
257 989 415 1066 Latinum,
430 995 521 1066 χαῖρε
536 1006 598 1047 non
613 993 718 1067 potest
732 988 895 1054 Graecum.

177 1073 211 1133 Si
225 1073 345 1151 fingere
360 1070 444 1130 istud
461 1090 509 1131 me
524 1077 628 1151 putas,
650 1071 824 1134 salutemus.

579 1205 640 1264 L11.

178 1305 263 1381 Quae
278 1305 354 1364 mihi
368 1304 564 1384 praestiteris
582 1305 706 1364 memini
716 1323 910 1384 ,semperque
924 1309 1054 1371 tenebo.

220 1389 283 1449 Cur
298 1389 391 1467 igitur
405 1394 509 1464 taceo,
531 1388 698 1448 Postume?
732 1388 781 1449 Tu
794 1387 943 1468 loqueris.

176 1473 292 1552 Incipio
309 1473 451 1551 quotiens
467 1469 556 1530 alicui
571 1477 622 1531 tua
641 1470 721 1532 dona
735 1473 875 1551 referre,

221 1557 368 1616 Protinus
383 1555 531 1615 exclamat
545 1555 696 1634 „Dixerat
708 1557 776 1637 ipse
792 1557 901 1618 mibi.“
953 1588 956 1593 ·

155 1639 249 1701 5Non
265 1639 349 1700 belle
365 1637 513 1717 quaedam
527 1639 645 1698 faciunt
660 1638 736 1700 duo:
758 1640 873 1700 suflicit
888 1660 968 1702 unus

220 1724 300 1783 Huic
314 1724 419 1803 operi:
442 1724 468 1782 si
483 1724 543 1800 vis,
566 1729 600 1782 ut
613 1720 740 1802 loquar,
762 1725 830 1805 ipse
847 1729 926 1786 tace.

179 1804 282 1868 Crede
299 1808 390 1884 mihi,
411 1809 546 1886 quamvis
560 1809 714 1886 ingentia,
736 1809 898 1888 Postume,
923 1808 1003 1870 ‹loua

218 1890 363 1950 Auctoris
379 1897 512 1970 pereunt
526 1889 709 1970 garrulitate
725 1894 781 1955 sui.

580 2026 653 2086 [ΠΙ.

180 2120 331 2182 Colchida
346 2120 421 2202 quid
435 2122 562 2200 scribis,
579 2121 654 2201 quid
668 2123 794 2198 scribis,
813 2123 926 2202 amice,
950 2124 1136 2205 Thyesten?

221 2206 287 2282 Quo
303 2208 360 2266 tibi
376 2204 425 2266 vel
438 2206 577 2283 Nioben,
598 2206 709 2283 Basse,
731 2203 780 2265 rel
796 2205 1064 2272 Andromachen?

177 2288 312 2349 Materia
326 2295 390 2369 est,
412 2289 616 2368 mihicrede,
639 2290 700 2349 tuis
716 2290 872 2369 aptissima
886 2292 1003 2354 chartis

221 2373 407 2452 Deucalion,
428 2371 479 2433 vel
495 2375 594 2432 sinon
610 2372 713 2454 placet
726 2373 794 2451 hic,
816 2374 987 2438 Phaethon.

573 2497 649 2560 LlV.

176 2594 403 2674 Extemporalis
417 2596 516 2655 factus
531 2601 580 2655 est
594 2614 679 2655 meus
692 2568 825 2657 rhetor:—

179 2676 381 2758 (lalpurnium
395 2699 458 2741 non
473 2680 615 2759 scripsit,
637 2685 670 2740 ct
684 2679 835 2740 salutavit.

582 2815 646 2876 LV.

176 2909 234 2969 Dic
246 2912 331 2989 mibi,
347 2930 438 2991 quem
450 2919 568 2993 portas,
582 2911 740 2972 voluerum
752 2911 881 2990 regina?
903 2911 1135 2990 „'l¹onantem.“

218 2992 311 3053 Nulla
325 3016 415 3055 manu
430 3015 525 3074 quare
541 2994 669 3056 fulmina
684 2996 806 3076 gestat?
838 2995 982 3074 „Amat.“

179 3076 246 3152 Quo
260 3077 344 3137 calet
357 3080 429 3156 igne
445 3077 543 3139 fleus?
569 3080 718 3159 „Pueri.“
750 3081 814 3140 Cur
828 3081 910 3139 mitis
926 3087 1039 3161 aperto

219 3160 360 3242 Respicis
378 3181 433 3223 ore
447 3163 571 3224 lovem?
598 3164 666 3243 „De
683 3163 861 3243 Ganymede
875 3161 1027 3252 loquor.“

572 3283 649 3346 LVI.

177 3376 234 3436 Gui
249 3376 369 3456 tradas,
390 3379 492 3460 Lupe,
510 3380 608 3441 filium
624 3382 785 3460 magistro,

177 3460 306 3535 Quaeris
321 3461 472 3524 sollicitus
489 3464 541 3525 diu
556 3483 717 3544 rogasque.
