2370 3924
282 250 623 316 EPIGRAMMATON
636 250 711 315 LIB.
725 250 806 314 XIV.
1001 249 1064 314 323

378 455 458 517 XIV.
487 453 559 514 Tali
575 454 710 514 chorraei.

103 570 181 631 Cum
195 568 322 628 steterit
334 565 438 627 nullus
452 564 537 626 voltu
551 566 609 625 tibi
624 563 703 625 talus
719 565 845 646 eodem,

143 653 276 714 Munera
291 669 340 711 me
355 649 441 710 dices
455 668 564 729 magna
578 648 704 710 dedisse
718 651 785 712 tibi.

414 784 481 847 XV.
508 784 666 845 Tesserae.

100 881 170 945 Non
185 883 241 942 sim
258 879 390 942 talorum
405 901 534 942 numero
548 902 604 963 par
619 889 756 959 tessera,
779 879 849 942 dum
863 882 904 942 ait

143 967 262 1046 Maior,
286 985 374 1045 quam
389 964 476 1045 talis,
497 964 565 1026 alca
579 983 672 1046 saepe
687 967 771 1028 thi.
910 976 919 981 “’

400 1099 481 1162 XVI.
510 1088 688 1160 Turricula.

103 1200 189 1278 Quae
205 1199 264 1259 scit
279 1199 469 1278 compositos
484 1216 590 1258 manus
604 1199 745 1277 improba
759 1199 886 1258 mittere
900 1193 998 1274 talos,

145 1284 179 1343 Si
192 1301 251 1364 pcu
266 1301 315 1342 me
329 1282 429 1362 misit,
450 1283 497 1342 nil
510 1281 570 1341 nisi
585 1293 655 1341 sota
669 1281 761 1342 feret.

348 1414 442 1478 XVII.
471 1416 593 1477 Tabula
608 1416 735 1476 lusoria.

99 1515 167 1576 IIac
184 1515 261 1575 mihi
275 1515 323 1575 bis
340 1532 416 1575 seno
430 1520 611 1574 numeratur
625 1519 746 1574 tessera
761 1519 896 1596 puncto;
938 1503 941 1507 ’
968 1558 973 1570 .

145 1596 291 1661 Calculus
305 1600 363 1659 hac
379 1599 501 1676 gemino
517 1595 654 1658 discolor
669 1598 760 1659 hoste
773 1601 865 1679 perit.

400 1731 524 1795 XVIII.
551 1727 665 1793 Nuces.

101 1825 183 1890 Alea
195 1849 289 1912 parva
302 1848 398 1891 nuces
413 1837 447 1891 et
460 1849 524 1890 non
539 1828 684 1890 damnosa
697 1827 839 1906 aidetnr3

144 1913 245 1996 Saepe
262 1922 366 1975 tumen
381 1915 488 1995 pueris
503 1911 630 1975 obstulit
642 1911 699 1974 illa
713 1919 811 1974 nates.

360 2048 441 2112 XIX.
456 2049 571 2111 'iteca
586 2050 722 2110 libraria.
811 2033 817 2044 ’

102 2145 239 2207 Sortitus
253 2147 374 2207 thecum
391 2146 515 2207 calamis
532 2166 651 2207 armare
666 2153 837 2223 memento;

144 2229 259 2292 Cetera
273 2250 330 2291 nos
348 2228 505 2309 dedimus,
528 2239 561 2290 tu
575 2230 692 2290 leviora
706 2249 789 2310 para.

429 2365 496 2426 XX.
524 2363 654 2426 Calculi.

100 2462 322 2527 Insidiosorum
337 2464 364 2523 si
378 2461 461 2523 ludis
476 2461 559 2525 bella
572 2460 743 2540 latronum,

146 2548 313 2609 Gemmeus
326 2551 387 2607 iste
404 2549 463 2608 tibi
478 2545 570 2608 miles
585 2554 618 2608 et
633 2548 732 2607 hostis
748 2547 819 2619 erit.

374 2683 454 2747 XXI.
477 2681 707 2763 Graphiarium.

98 2781 187 2842 llaec
200 2781 258 2841 tibi
273 2786 366 2842 crunt
381 2766 496 2839 armata
511 2798 566 2839 sno
580 2778 755 2856 graphiaria
768 2778 871 2838 ferro:

144 2865 177 2926 Si
191 2883 289 2946 puero
306 2864 421 2942 dones,
443 2883 506 2922 non
519 2860 590 2922 leve
605 2855 713 2921 munus
726 2863 796 2922 crit.

355 2999 447 3060 XXII.
470 2997 731 3078 Dentiscalpium.

100 3099 282 3160 Lentiscum
297 3096 423 3175 meiius:
447 3096 504 3159 sed
520 3098 546 3157 si
560 3097 619 3157 tibi
636 3093 768 3154 frondea
782 3095 884 3175 cuspis

143 3182 306 3261 Defuerit,
329 3180 440 3243 dentes
455 3183 549 3263 pinna
563 3179 668 3240 levore
682 3185 795 3258 potest.

354 3316 460 3378 XXIII.
486 3313 725 3395 Auriscalpium.

101 3419 136 3480 Si
151 3418 207 3479 tibi
223 3436 345 3479 morosa
361 3415 521 3497 prangine
536 3413 686 3475 uermInat
701 3413 798 3491 auris,

145 3503 240 3564 Arma
255 3502 361 3563 damus
375 3500 469 3561 tunila
486 3504 555 3580 apta
570 3495 764 3560 libidInibus.
800 3575 869 3639 w
