2370 3924
91 257 156 322 322
416 253 462 314 M.
480 252 573 316 VAL.
589 251 814 312 MARTIALlS

452 452 505 519 lV.
529 455 771 538 Quinquiplices.
803 405 806 409 ·

176 567 282 632 caede
296 568 496 626 iuvencorum
514 563 631 626 (lumini
646 564 729 625 uulet
743 582 816 624 ures
829 563 925 644 felix,

220 648 433 730 Quinquiplici
449 668 523 711 cere
537 669 605 709 cum
621 647 711 709 detur
725 647 806 708 altus
821 649 932 709 hunos.

429 783 465 846 V.
487 759 668 864 Pugillares
681 783 793 846 eborei.

176 881 333 962 Languida
345 899 386 941 ne
402 881 510 940 tristes
524 883 693 941 obscurent
704 877 822 940 luminu
836 897 948 959 ceree,

216 968 312 1045 Nigra
324 966 383 1026 tibi
396 965 519 1025 niveum
531 962 640 1025 littera
653 966 760 1045 pinget
774 965 864 1028 ebur.

491 1097 544 1160 vl.
571 1097 730 1179 mices.

185 1199 269 1260 l'unc
284 1194 428 1277 triplices
442 1200 569 1256 nostros
581 1215 644 1256 non
658 1196 731 1257 uilis
744 1196 824 1257 (lona
838 1196 983 1277 putsbis,

136 1299 153 1323 0
220 1283 296 1343 cum
312 1299 347 1341 se
361 1286 522 1341 venturum
538 1281 656 1341 scribet
670 1282 767 1342 amics
780 1282 846 1342 tibi.

380 1415 444 1477 Vll.
464 1414 645 1497 Regillares
658 1414 853 1476 membranei.

175 1514 253 1575 Esse
267 1517 342 1592 putu
356 1531 461 1590 cerus,
481 1511 559 1572 licet
573 1514 651 1574 hren
666 1514 842 1574 membrum
855 1520 1006 1575 vocetur:

218 1595 364 1675 Delebis,
388 1597 532 1675 quotiens
547 1598 664 1677 scripta
677 1614 792 1658 novare
806 1594 903 1660 voles.

478 1730 555 1792 Vlll.
584 1729 751 1793 Vitelliani.

178 1827 319 1889 Nondum
333 1826 448 1906 legerit
462 1828 520 1887 hos
533 1824 611 1888 licet
624 1826 744 1908 puella,

179 1914 270 1973 Novit
285 1911 359 1990 quid
374 1913 496 1991 capiunt
512 1912 682 1973 Vitelliani.

529 2045 579 2107 IX.
603 2045 699 2107 idem.

179 2142 269 2220 Quod
283 2144 424 2202 minimos
439 2144 559 2221 cernis,
581 2145 662 2203 mitti
675 2163 732 2204 nos
747 2141 850 2204 credis
865 2146 994 2206 amicus.

217 2225 366 2306 Falleris,
388 2235 421 2286 et
436 2246 574 2287 nummos
588 2229 648 2287 istu
661 2226 776 2289 tubelle
789 2236 887 2307 roget.

437 2361 475 2425 X.
501 2362 637 2423 Chartae
651 2364 793 2423 maiores.

179 2461 247 2519 Non
263 2464 327 2536 est,
350 2477 477 2519 munera
494 2458 576 2538 quod
591 2465 681 2539 putes
696 2459 826 2540 pusilla,

178 2546 253 2605 Cum
269 2542 363 2602 donat
379 2561 488 2602 vacuus
501 2549 595 2622 poeta
610 2545 742 2604 chartas.

399 2676 450 2738 xi.
476 2676 614 2738 Chartae
629 2680 824 2758 epistolares.

177 2777 238 2836 Seu
253 2775 366 2836 leviter
383 2782 474 2852 noto,
497 2795 552 2836 seu
567 2797 638 2836 curo
654 2779 745 2836 missu
763 2774 863 2837 sodali

219 2861 333 2920 Omnes
348 2861 407 2919 ista
422 2860 503 2920 solet
518 2861 624 2920 charta
638 2880 749 2920 vocure
764 2880 845 2920 suos.

437 2995 501 3057 ΧΗ.
525 2994 639 3056 Loculi
651 2997 785 3057 eburnei.

179 3093 242 3156 Nos
258 3095 318 3154 nisi
337 3093 377 3155 de
392 3096 469 3155 fluvu
482 3092 602 3156 loculos
620 3096 752 3176 implere
768 3102 891 3155 moneta

217 3177 287 3238 Non
302 3176 410 3255 deuet;
433 3187 593 3259 argentum
609 3179 682 3240 vilia
696 3179 780 3259 ligna
794 3181 906 3240 ferunt.

453 3314 530 3375 Xlll.
553 3315 668 3376 Loculi
680 3315 786 3398 lignei.
836 3325 838 3329 ’

176 3408 297 3489 Siquid
313 3409 412 3471 adhuc
428 3421 571 3490 superest
586 3414 617 3472 in
631 3415 729 3472 nostri
745 3412 833 3472 faece
846 3408 976 3493 locelll,

211 3494 329 3561 Munus
344 3496 415 3559 erit.
443 3494 533 3559 Niliil
546 3503 613 3574 est3
629 3498 699 3578 inse
711 3494 844 3557 locellus
858 3496 928 3556 erit.
