2370 3924
91 257 154 324 150
414 255 457 316 M.
472 253 564 318 VAL.
580 251 807 315 MARTIALIS

174 412 270 487 Quom
284 405 335 468 vel
351 405 389 466 ad
403 406 533 466 Aetolae
548 425 687 466 securam
702 405 837 487 cuspidis
851 408 933 468 ictus

217 493 331 554 Texuit
344 492 498 550 innumeri
512 489 650 550 lubricur
664 491 774 568 unguis
789 493 873 571 apri:

152 574 265 641 suein
279 582 364 636 sorte
379 581 448 652 tua,
471 592 592 634 sacrum
606 576 656 634 cui
669 581 799 654 tangere
813 581 923 655 pectus

214 662 275 722 Fas
291 661 353 720 erit
367 665 400 718 ct
413 660 513 719 nostri
527 665 631 718 mente
646 657 750 718 calere
766 657 826 720 dei.

81 790 83 795 -
173 748 186 807 Ι
202 764 304 805 comes
319 751 352 803 et
365 762 490 821 magnos
503 741 612 803 illaesa
626 761 748 803 merere
763 743 939 823 triumphos

215 828 432 906 Polmatceque
448 825 573 906 ducem,
596 825 652 886 sed
666 829 745 906 cito,
768 825 866 887 redde
881 832 985 909 togae.
1010 856 1014 862 ·

585 960 634 1023 111.

177 1080 240 1139 Cur
254 1096 317 1137 non
331 1077 419 1136 mitto
437 1096 523 1137 meos
539 1077 614 1154 tihi,
636 1074 829 1154 Poutilioue,
851 1073 1011 1137 libellos?
1083 1125 1088 1130 .

217 1162 264 1221 Ne
278 1161 353 1220 mihi
368 1167 401 1219 tu
420 1162 540 1239 mittas,
560 1157 754 1238 Poutilioue,
775 1167 854 1222 tuos.
973 1197 977 1204 ·

584 1293 635 1355 IV.

175 1407 284 1486 Esset,
306 1407 462 1484 castrice,
484 1424 552 1465 cum
570 1403 644 1464 mali
658 1404 789 1484 coloris,

176 1491 294 1553 Versus
310 1491 448 1550 scribere
461 1491 565 1569 coepit
579 1489 746 1569 Oppianus.

597 1622 634 1685 V.

178 1737 212 1797 Si
227 1735 432 1814 desiderium,
455 1737 585 1815 Caesar,
606 1733 776 1817 populique
791 1742 977 1816 patrumque

219 1821 361 1899 Respicis
377 1827 409 1879 et
423 1819 530 1879 Latiae
547 1820 656 1897 gaudia
670 1838 744 1879 vera
758 1827 866 1898 togae,

176 1904 286 1964 Redde
303 1903 394 1962 deum
407 1904 486 1962 votis
504 1904 719 1982 poscentibus:
741 1902 859 1964 invidet
871 1903 957 1963 hosti

218 1990 314 2048 Romu
328 2007 398 2065 suo,
417 1988 520 2047 veniat
538 1987 644 2047 laurea
661 1987 756 2047 multa
767 1986 854 2050 licet,

157 2074 350 2135 5Terrarum
366 2071 520 2131 domiuum
534 2074 661 2152 propius
675 2070 762 2131 videt
775 2070 846 2148 ille,
865 2077 983 2148 tuoque

219 2157 374 2217 Terretur
388 2156 473 2216 voltu
486 2158 634 2216 barbarus
649 2162 681 2215 et
695 2156 818 2216 fruitur.

589 2304 640 2367 Vl.

176 2416 299 2496 Ecquid
312 2416 526 2495 Hyperboreis
542 2415 581 2476 ad
595 2437 652 2477 nos
668 2437 833 2484 conversus
849 2417 886 2476 ab
902 2418 966 2476 oris

218 2503 368 2560 Ausonias
383 2501 497 2560 Caesar
511 2501 571 2561 iam
585 2509 673 2579 porat
687 2504 735 2562 ire
748 2502 834 2562 vias?

178 2586 291 2645 Certus
306 2587 394 2644 obest
408 2590 531 2661 auctor,
554 2582 611 2642 sed
626 2605 683 2645 vox
697 2588 757 2646 hoc
772 2586 897 2645 nunciet
911 2585 1031 2644 omnis:

222 2668 325 2729 Credo
340 2669 414 2729 tibi:
436 2687 542 2727 verum
557 2667 680 2748 dicere,
702 2670 812 2746 Fama,
833 2667 922 2729 soles.

158 2753 309 2816 5Publica
324 2755 469 2813 victrices
484 2759 639 2813 testantur
655 2754 764 2832 gaudia
779 2755 920 2830 chartac,

219 2840 333 2899 Martio
345 2836 501 2915 laurigera
516 2837 642 2916 cuspide
656 2837 719 2919 pila
733 2839 843 2897 virent.

176 2923 309 3000 Rursus,
330 2924 378 3000 io,
401 2941 526 2999 magnos
545 2921 654 2980 clamat
667 2924 726 2981 tibi
739 2922 836 2982 Roma
850 2921 1028 3002 triumphos

220 3008 497 3084 invictusquetua,
522 3005 653 3083 Caesar,
678 3008 709 3065 in
725 3006 803 3066 urbe
818 3025 917 3067 sonas.

178 3089 241 3149 Sed
254 3092 314 3149 iarn
327 3087 467 3148 laetitiae
483 3108 542 3167 quo
558 3091 598 3148 sit
612 3089 724 3150 fidncia
739 3090 853 3167 maior,

136 3184 170 3235 10
218 3174 405 3233 Sarmaticae
418 3173 522 3233 laurus
534 3175 663 3233 nuncius
677 3176 745 3254 ipse
759 3176 839 3233 veui.

581 3308 646 3371 VH.

176 3420 315 3479 Hiberna
331 3421 465 3499 quamvis
479 3421 592 3481 Arctos
610 3426 643 3479 et
656 3417 743 3479 rudis
758 3419 862 3479 Peuce

163 3503 210 3565 Et
224 3503 410 3586 nugularum
424 3502 568 3590 pulsibus
582 3502 686 3566 coiens
699 3504 808 3562 Rister
