2370 3924
327 225 667 289 EPIGRAMMATON
680 225 755 287 LIB.
773 227 838 290 VII.
1048 225 1111 292 153

147 383 218 443 Lux
234 400 302 442 mea
315 399 378 440 non
393 380 513 460 capitur
527 379 616 456 nugis
633 395 735 456 neque
749 379 886 440 moribus
900 381 986 462 istis,

193 465 259 529 Nec
275 464 415 525 dominae
429 469 539 544 pectus
554 458 630 522 talia
645 461 754 520 damna
770 470 911 528 movent:

150 550 206 613 Bis
220 567 313 612 senos
328 566 459 629 puerum
474 551 687 607 numerantem
704 544 844 625 perdidit
858 567 971 628 annos,

98 645 141 699 10
192 631 336 698 Mentula
350 632 400 693 eui
412 629 548 692 nondum
563 628 787 711 sesquipedalis
803 637 879 693 erut.

551 762 619 827 XV.

151 880 229 958 Quis
242 896 322 960 puer
335 877 387 937 hic
401 876 508 937 nitidis
525 877 646 937 absistit
659 876 816 937 Ianthidos
833 877 924 938 undis

193 964 235 1026 nt
248 963 362 1041 fugitat
375 959 528 1021 dominam
541 959 570 1020 N
571 958 660 1020 aida?
681 959 831 1040 numquid
844 961 964 1041 Hylas?

151 1047 181 1109 0
195 1049 293 1125 bene,
314 1044 397 1125 quod
411 1043 488 1105 silva
503 1043 617 1105 colitur
633 1044 818 1123 Tirynthius
833 1046 893 1106 ista

193 1132 235 1192 Et
250 1129 333 1209 quod
347 1130 509 1189 amatrices
523 1135 585 1188 tam
599 1147 699 1208 prope
712 1136 815 1190 servat
830 1130 938 1208 aquas!

125 1215 290 1280 ssemrus
303 1213 381 1274 lieet
393 1214 451 1273 hos
465 1213 587 1292 fontes,
608 1214 774 1292 Argynne,
795 1215 969 1274 ministres:

194 1297 247 1361 Nil
261 1298 379 1360 facient
391 1296 570 1380 Nymphae:
592 1315 631 1357 ne
645 1295 723 1359 velit
738 1297 823 1378 ipse,
846 1315 927 1359 cave.

548 1431 628 1494 XVI.

147 1547 236 1610 Aera
253 1543 336 1606 domi
351 1563 414 1605 non
428 1550 517 1622 sunt,
541 1551 685 1624 superest
698 1545 774 1623 boo,
795 1542 932 1623 Regule,
954 1541 1083 1623 solum,

195 1630 239 1692 Ut
251 1634 305 1690 tua
318 1627 484 1692 vendamus
498 1647 642 1689 munera:
664 1626 812 1707 numquid
828 1629 927 1689 emir‘.l

539 1771 633 1836 XVII.
723 1769 725 1774 ’

149 1887 245 1948 Ruris
259 1885 450 1949 bibliotheca
464 1837 607 1966 delicati,
943 1856 950 2203 ς

150 1970 293 2034 Vicinam
308 1970 395 2033 videt
408 1969 492 2032 unde
507 1969 609 2031 lector
624 1974 749 2052 urbem,

150 2053 238 2116 Inter
252 2057 386 2116 carmina
400 2056 555 2116 sanctiora
569 2057 596 2116 si
612 2057 680 2136 quis

151 2138 298 2200 Lascivae
314 2139 411 2200 fuerit
425 2140 512 2200 locus
528 2139 675 2217 Thaliae,

127 2223 219 2286 5Hos
234 2220 307 2283 nirlo
320 2222 399 2284 licet
411 2224 531 2284 inseras
544 2222 595 2283 vel
609 2225 689 2298 imo,

151 2307 281 2387 Septem
297 2327 373 2386 quos
387 2308 446 2367 tibi
459 2308 596 2367 misimus
609 2305 734 2369 libellos
986 2284 1007 2372 'i

150 2391 297 2451 Auctoris
313 2390 428 2452 calamo
443 2393 491 2451 rui
503 2396 641 2452 notatos:

150 2475 239 2535 Haeo
254 2473 319 2535 illis
334 2477 469 2556 pretium
482 2476 559 2536 facit
573 2474 676 2536 litura.

150 2560 194 2620 At
208 2565 242 2619 tn
255 2577 384 2619 munere
399 2557 530 2620 delicata
543 2579 654 2640 parvo,
713 2575 716 2578 ⁴

104 2644 237 2720 10Qnae
253 2644 426 2705 cantaberis
440 2645 515 2704 orbe
528 2649 602 2704 nota
615 2648 698 2719 toto,
952 2624 956 2675 Ι

150 2728 268 2806 Pignus
283 2729 421 2807 pectoris
435 2729 494 2788 hoc
509 2729 571 2788 mei
584 2733 691 2802 tuere,
952 2682 958 2843 Ι,

151 2810 211 2873 Iuli
228 2811 417 2875 bibliotheca
431 2809 597 2873 Martialis.

538 2943 645 3006 XVIII.

150 3059 230 3120 Cum
243 3060 303 3120 tibi
317 3060 358 3119 rit
373 3058 486 3136 iacies,
509 3056 549 3118 (Ie
565 3076 624 3136 qua
639 3074 697 3116 nec
711 3054 826 3116 femina
841 3053 940 3134 possib

194 3143 325 3221 Dicere,
347 3162 416 3203 cum
431 3161 542 3223 corpur
557 3140 645 3202 nulla
657 3139 750 3202 litura
764 3143 869 3215 notet,

150 3227 217 3288 Cur
231 3233 264 3287 te
279 3233 341 3287 tam
356 3246 444 3286 rarus
461 3227 563 3306 cupiat
576 3229 762 3304 repetatque
776 3223 915 3298 fututor,

194 3310 348 3372 Miraris‘.²
375 3311 495 3373 Vitium
510 3316 559 3370 est
573 3328 634 3369 non
648 3307 736 3386 leve,
758 3306 867 3383 Galla,
889 3304 956 3368 tibi.

126 3396 282 3458 5Accersi
298 3396 441 3474 quotiens
456 3394 494 3455 ad
510 3413 585 3475 opus
601 3392 764 3471 mixtisque
779 3389 920 3452 movetur

192 3480 372 3560 inguinibus
387 3497 521 3558 cunnus,
543 3496 607 3538 non
622 3481 722 3559 tacet,
743 3476 811 3559 ipsa
824 3481 922 3536 taces.
