2370 3924
416 222 461 284 M.
476 220 568 282 vAL.
582 218 807 282 MARTIALIS

574 422 652 485 XLI.

176 538 288 598 Mense
300 556 380 597 novo
395 535 461 596 lani
473 541 628 611 veterem,
650 530 829 611 Proculeia,
852 535 998 597 maritum

218 623 345 683 Deseris
361 626 453 700 atque
468 620 556 680 iubes
570 637 622 678 res
636 617 695 677 sibi
709 618 825 677 habere
841 636 921 678 suas.

176 705 268 783 Quid,
280 724 368 784 rugo,
383 703 457 783 qnid
470 704 585 762 fuctum
599 702 670 762 est?
685 701 779 761 subiti
798 720 877 781 quae
892 720 984 762 cauea
995 701 1128 764 dolorisi

217 788 269 848 Nil
284 789 359 848 mibi
373 785 569 867 respondes?
595 786 701 845 Dicam
716 803 789 862 ego,
810 791 940 866 praetor
957 795 1039 852 erat.

153 873 364 934 tconstatura
376 871 437 930 fuit
450 869 639 948 Megalensis
653 888 789 949 purpura
804 875 930 928 centum

218 955 364 1032 Milibus,
385 960 420 1014 ut
432 955 559 1013 nimium
572 971 700 1012 munera
714 972 806 1031 parea
820 953 929 1031 darec,

175 1040 217 1101 Et
231 1038 381 1118 populare
394 1057 514 1097 sucrum
528 1039 576 1097 bis
591 1035 675 1119 milia
691 1035 770 1096 dena
784 1035 919 1097 tulisset.

217 1122 386 1182 Discidium
400 1141 462 1180 non
478 1128 526 1180 est
540 1123 617 1198 hoc,
637 1120 816 1180 Proculeia:
834 1119 957 1181 lucrum
971 1128 1034 1184 est
1074 1118 1085 1146 '

571 1255 660 1315 XLII.

177 1367 255 1426 Tam
271 1365 363 1426 dubia
377 1372 426 1426 eat
438 1365 549 1444 lanugo
564 1367 638 1441 tibi,
658 1371 721 1426 tam
735 1362 853 1445 mollia,
874 1365 1013 1427 utillum

217 1449 340 1510 Halitus
353 1456 386 1510 et
400 1449 483 1510 soles
499 1457 532 1509 et
545 1447 622 1510 levis
637 1469 710 1509 aura
723 1454 814 1509 terat.

177 1533 326 1594 Celantur
341 1534 434 1594 simili
447 1541 576 1593 ventura
590 1532 730 1611 Cydonia
743 1533 828 1611 lana,
873 1590 875 1594 ,

217 1616 337 1677 Pollice
350 1619 489 1696 virgineo
504 1636 581 1695 quae
597 1615 728 1696 spoliata
739 1619 851 1677 nitent.

156 1701 303 1762 5Fortius
317 1702 461 1781 impressi
476 1701 619 1779 quotiens
635 1701 693 1760 tibi
706 1702 792 1761 basia
807 1701 962 1781 quinque,

218 1786 368 1844 Barbatus
379 1783 492 1862 labris,
507 1782 679 1862 Dindyme‚
700 1785 742 1844 iio
756 1786 826 1844 tuis.

562 1917 666 1979 XLIII.

148 2057 153 2064 ·
177 2031 314 2110 Septima
330 2032 405 2109 iam,
428 2032 587 2110 Phileros,
609 2033 667 2091 tibi
683 2031 827 2091 conditur
840 2051 917 2090 uxor
930 2032 965 2091 in
979 2052 1069 2112 agro.

218 2115 292 2175 Plus
307 2113 401 2192 nulli,
424 2115 583 2194 Phileros,
603 2136 693 2194 quam
706 2118 786 2194 tibi,-
801 2114 907 2175 reddit
921 2135 1008 2195 ager.

558 2250 664 2311 XLIV.

177 2361 290 2435 Quinte
306 2359 491 2421 Caledonios
509 2361 599 2422 Ovidi
613 2363 714 2420 visure
729 2361 894 2420 Britannos

216 2444 258 2501 Et
271 2442 401 2503 viridem
418 2445 544 2522 Tethyn
559 2445 776 2524 Oceanumque
789 2449 925 2524 patrem,

173 2527 257 2602 Ergo
272 2525 388 2586 Numae
403 2527 500 2586 colles
515 2535 548 2586 et
561 2528 752 2588 Nomentana
766 2527 926 2605 relinques

217 2609 303 2687 Otia,
325 2628 383 2669 nee
402 2613 519 2670 retinet
533 2630 647 2689 rusque
661 2612 811 2691 focusque
826 2613 957 2672 senem?

154 2692 296 2754 5Gaudia
311 2699 345 2752 tu
361 2693 485 2774 differs,
505 2701 611 2754 utnon
626 2702 659 2755 et
673 2698 802 2755 stamina
819 2695 928 2756 differt

216 2779 369 2858 Atropos,
393 2787 485 2860 atque
500 2781 597 2839 omnis
613 2781 759 2840 scribitur
773 2781 850 2839 hora
864 2781 933 2843 tibi.

173 2862 375 2924 Praestiteris
390 2886 461 2925 carc
477 2901 519 2910 —
534 2866 677 2941 quianon
693 2866 752 2924 boe
766 2862 894 2923 laudet?
907 2898 951 2909 —
965 2868 1085 2948 arnico,

217 2948 261 3007 Ut
274 2949 378 3026 potior
392 2950 453 3008 vita
468 2950 509 3006 sit
522 2948 580 3005 tibi
596 2954 699 3007 sancta
713 2947 809 3022 fides;

175 3027 238 3089 Sed
251 3029 385 3090 reddare
399 3033 460 3090 tuis
474 3029 598 3090 tandem
614 3051 755 3092 mansure
770 3033 891 3093 Sabinis

134 3124 168 3176 10
217 3113 327 3192 Teque
344 3121 412 3174 tuas
427 3132 571 3174 numeres
586 3116 669 3176 inter
682 3118 840 3178 amicitias.

567 3249 660 3313 XLV.

174 3355 208 3416 Si
224 3357 299 3436 quid
312 3355 386 3417 lene
400 3361 461 3418 mci
477 3359 584 3421 dicunt
601 3370 634 3421 et
648 3359 738 3421 dulce
752 3361 869 3440 libelli,

216 3441 250 3501 Si
266 3440 341 3522 quid
357 3443 561 3505 honorificum
574 3447 684 3527 pagina
700 3444 812 3506 blanda
830 3455 935 3526 sonat,
