2370 3924
336 213 676 276 EPIGRAMMATON
688 217 763 282 LlB.
778 219 827 282 111.
1062 218 1102 284 79

143 368 269 430 Domini
283 369 418 429 bibentis
434 368 554 428 ebrium
568 369 651 447 regit
668 388 791 449 penem.

144 455 188 514 At
200 451 257 514 ille
271 459 357 512 retro
372 452 470 512 flexus
487 451 525 510 ad
538 451 651 531 pedum
666 455 787 513 turbam

143 537 231 598 lnter
245 535 372 596 catellas
388 553 527 595 anserum
543 541 613 594 exta
629 534 802 597 lambentes

99 622 283 686 noPartitur
298 621 365 699 apri
379 617 539 698 glandulas
553 618 741 699 palaestritis

145 705 188 767 Et
202 705 372 766 concubino
386 709 541 763 turturum
556 711 644 763 nates
660 704 771 780 donat3

144 789 353 867 Ligurumque
368 788 458 848 nobis
472 806 541 847 saxa
554 807 622 846 cnm
637 789 851 849 ministrentur

144 871 207 934 Vel
222 879 309 931 cocta
323 871 416 932 fumis
430 877 529 930 musta
542 870 758 950 Massilitanis,

148 956 341 1036 Opimianum
356 955 545 1017 morionibus
559 960 667 1015 nectar

101 1049 137 1102 25
145 1037 405 1119 Crystallinisque
419 1039 627 1116 murrinisque
641 1039 795 1118 propinat.

146 1124 189 1185 nt
205 1123 376 1183 Cosmianis
389 1124 457 1202 ipse
472 1122 559 1181 fusus
576 1122 718 1202 ampullis

144 1207 213 1268 Non
229 1207 387 1267 erubescit
401 1207 519 1266 murice
534 1223 628 1265 aureo
644 1206 733 1265 nobis

145 1289 293 1351 Dividere
307 1291 454 1350 moechae
468 1290 614 1369 pauperis
630 1288 786 1368 capillare.

146 1375 303 1456 Septunce
318 1371 414 1434 multo
430 1372 543 1432 deinde
557 1372 698 1452 perditus
712 1374 827 1435 stertit.

100 1458 206 1522 30Nos
221 1460 401 1520 accubamus
416 1462 466 1535 et,
487 1455 643 1519 silentium
657 1458 804 1516 rhonchis

144 1544 310 1604 Praestare
323 1543 416 1620 iussi,
436 1541 562 1600 nutibus
576 1540 783 1619 propinamus.

145 1628 213 1688 Hos
224 1624 412 1687 Malchionis
429 1624 563 1704 patimur
577 1625 711 1703 improbi
725 1624 839 1702 fastus,

144 1710 211 1772 Nec
227 1708 392 1789 vindicari,
413 1708 510 1785 Rufe,
531 1707 701 1787 poscimusa
722 1706 823 1768 fellat.

501 1872 664 1935 LXXXlll.

145 1986 190 2046 Ut
202 1987 312 2047 faciam
326 1987 470 2046 breviora
486 2005 593 2046 mones
608 1986 841 2066 epigrammata,
864 1979 978 2048 Corde.

187 2068 250 2131 Fac
264 2071 356 2164 mihi,¹
379 2069 461 2148 quod
477 2070 612 2129 Chione:
635 2088 698 2129 non
711 2071 799 2149 potui
812 2067 946 2130 brevius.

501 2231 666 2294 LXXXIV.

146 2320 227 2423 Quid
241 2351 347 2404 narrat
360 2351 413 2404 tna
427 2345 579 2404 moecha?
609 2342 681 2404 Nou,
692 2341 827 2423 puellam

144 2430 231 2508 Dixi,
253 2426 438 2508 Gongylion.
467 2427 550 2505 Quid
564 2428 663 2507 ergo?
683 2426 828 2505 linguam.

507 2577 658 2640 LXXXV.

145 2690 220 2766 Quis
236 2690 295 2750 tibi
307 2690 461 2769 persuasit
476 2708 567 2749 nares
582 2687 743 2775 abscidere
757 2689 909 2748 moecho?

186 2774 257 2834 Non
270 2775 328 2833 hac
341 2779 502 2853 peccatum
516 2778 565 2832 est
579 2778 686 2851 parte,
707 2773 834 2848 marite,
856 2770 923 2831 tihi.

146 2856 264 2935 Stulte,
288 2856 362 2935 quid
376 2858 491 2936 egisti?
511 2854 589 2914 nihil
605 2856 657 2916 hic
671 2856 732 2915 tihi
746 2854 887 2934 perdidit
900 2872 991 2932 uxor,

188 2942 265 3001 (ium
285 2943 326 3001 sit
340 2939 423 3002 salva
436 2941 482 3002 tui
499 2937 636 2999 mentula
649 2938 815 3020 Deiphobi.

502 3086 665 3150 LXXXVI.

144 3202 191 3261 Ne
204 3199 328 3279 legeres
342 3206 463 3281 partem
476 3199 599 3279 lascivi,
622 3207 720 3280 casta,
741 3199 861 3279 libelli,

132 3298 137 3304 ·
186 3284 332 3345 Praedixi
344 3292 377 3346 et
391 3287 510 3345 monui:
532 3291 700 3364 tutamen,
721 3303 810 3363 ecce,
827 3282 916 3363 legis.

144 3367 209 3430 Sed
224 3370 250 3429 si
264 3367 464 3429 Panniculum
479 3376 600 3450 spectas
618 3376 650 3429 et
666 3374 749 3429 casta
765 3368 926 3447 Latinum,
942 3401 983 3415 --

184 3452 255 3514 Non
270 3459 342 3514 sunt
354 3454 431 3514 haec
446 3453 545 3514 mimis
559 3453 764 3533 improbiora,
777 3485 821 3500 --
832 3450 911 3531 lege.
