2370 3924
413 210 458 274 M.
475 210 566 274 VAL.
582 209 809 272 MARTIALIS

547 412 671 477 XXXV.

174 532 251 592 (ium
266 532 328 591 aiut
343 547 433 590 crura
445 528 505 589 tibi
519 527 665 588 simulent
680 546 758 608 quae
774 547 889 588 cornua
901 524 1015 612 quat,
1141 567 1144 574 ,

215 616 250 676 Iu
264 615 370 696 rhytio
384 618 528 694 poteras,
550 611 698 691 Phoebe,
719 612 823 674 lavare
837 611 945 694 pedes.

538 745 677 810 XXXVI.

172 862 318 924 Flectere
334 868 367 923 tc
381 860 495 940 nolim,
518 862 574 923 aed
587 882 647 924 nec
660 864 790 924 turbare
804 861 952 943 capillos,

216 945 386 1028 Splendida
401 948 442 1008 ait
455 944 544 1027 uolo,
565 947 690 1008 sordida
704 946 778 1008 nolo
794 948 891 1023 cutia,

171 1032 237 1093 Nec
252 1032 311 1093 tibi
325 1033 485 1093 mitrarum
499 1050 559 1092 nec
573 1033 614 1093 ait
627 1033 685 1093 tibi
701 1033 797 1093 barba
811 1050 952 1092 reorum:

213 1115 293 1177 Nolo
306 1118 405 1176 virum
419 1117 561 1195 nimium,
583 1116 766 1196 Pannyche,
787 1115 860 1177 nolo
874 1135 993 1197 parum.

152 1200 264 1262 5Nunc
280 1208 352 1262 aunt
367 1220 458 1261 crura
472 1199 546 1280 pilis
562 1207 595 1261 et
610 1206 682 1261 aunt
696 1201 756 1262 tibi
769 1207 900 1281 pectora
913 1201 991 1262 aetia

213 1283 367 1363 Horrida,
389 1283 446 1345 aed
460 1303 546 1345 meua
561 1291 626 1364 est,
648 1284 832 1366 Pannyche,
852 1281 939 1347 volsa
952 1285 1024 1347 tibi.

533 1419 687 1482 XXXVII.

171 1530 330 1611 Quidquid
344 1533 470 1614 ponitur
484 1533 558 1593 hinc
573 1539 606 1594 et
620 1532 694 1593 iude
708 1533 826 1612 verris,

170 1615 319 1677 Mammea
334 1618 462 1678 numinis
475 1619 701 1698 imbricemque
716 1617 806 1698 porci

171 1700 433 1782 Communemque
449 1701 567 1763 duobus
584 1710 774 1782 attagenam,

170 1783 305 1846 Mullum
319 1783 478 1845 dimidium
492 1784 661 1867 lupumque
675 1793 775 1848 totum

148 1867 404 1947 aMuraenaeque
418 1868 498 1931 latua
514 1870 677 1951 femurque
692 1869 772 1952 pulli

172 1951 409 2033 Stillantemque
426 1953 503 2015 alica
516 1975 570 2016 aua
584 1954 770 2036 palumbum.

170 2036 257 2096 Haec
273 2057 341 2097 cum
357 2036 481 2099 condita
497 2046 569 2100 eunt
582 2039 728 2101 madente
744 2057 869 2120 mappa,

171 2120 352 2182 Traduntur
366 2142 465 2203 puero
481 2123 603 2185 domum
618 2124 759 2186 ferenda.

170 2204 233 2266 Nos
250 2209 454 2268 accumbimus
470 2210 569 2270 otiosa
583 2211 682 2271 turba.

128 2289 257 2352 rotulus
273 2292 299 2351 ai
314 2290 415 2372 pudor
431 2300 494 2372 ert,
515 2313 634 2375 repone
650 2312 773 2355 cenam:

171 2374 247 2435 Cras
262 2381 311 2454 te,
335 2375 527 2456 caeciliane,
545 2398 609 2439 nou
622 2379 736 2439 vocavi

523 2524 690 2590 XXXVIII.

169 2635 252 2713 Quid
264 2639 340 2699 mihi
355 2637 468 2699 reddat
482 2657 556 2718 ager
573 2642 712 2720 quaeris,
734 2640 832 2718 Line,
853 2637 1097 2700 Nomentanus?

210 2721 279 2783 Hoc
294 2723 370 2784 mihi
386 2722 492 2785 reddit
507 2743 596 2804 ager:
618 2732 668 2805 te,
689 2725 785 2804 Line,
807 2743 869 2784 uon
884 2721 986 2784 video.

533 2860 672 2921 XXXIX.

169 2968 303 3029 Goeciua
315 2970 451 3030 famosae
467 2967 562 3031 donas
579 2979 611 3032 ct
625 2973 764 3032 ianthina
778 2973 941 3034 moechae:

210 3052 267 3114 Vis
283 3052 357 3114 dare
375 3072 452 3134 quae
468 3057 583 3116 meruit
596 3076 741 3137 munera,
756 3058 846 3119 mitte
861 3062 975 3137 togam.

573 3191 638 3256 XL.

168 3298 223 3359 Uri
239 3299 403 3380 Tongilius
418 3300 498 3364 male
515 3303 628 3365 dicitur
643 3306 850 3369 hemitritaeo.
962 3339 965 3343 ·

206 3383 285 3444 Novi
299 3385 432 3447 hominis
447 3387 589 3450 fraudes:
612 3392 711 3450 esurit
727 3399 820 3472 atque
836 3392 914 3454 sitit.

166 3467 303 3531 Subdola
317 3471 489 3532 tenduntur
503 3476 613 3535 crassis
628 3495 710 3536 nuuc
724 3477 805 3537 retia
820 3477 940 3555 turdis,
