2370 3924
91 262 156 328 210
414 262 461 325 ni.
477 262 568 325 VAL.
584 260 810 324 munitula

154 416 330 495 §Inscripta
343 419 393 474 est
405 413 488 473 basis
502 412 682 491 indicatque
700 410 847 474 nomen.“

174 499 355 562 Λυσίππου
366 495 458 576 lego,
480 494 611 556 Phidiae
625 497 738 576 putavi
838 521 841 525 ¹

567 644 662 706 XLV.

174 757 271 820 Miles
286 759 509 839 Hyperboreos
524 756 632 834 modo,
654 755 861 838 Marcelline,
876 762 999 823 triones

215 843 257 903 nt
271 843 375 903 Getici
389 839 507 901 tuleras
521 837 625 900 sidera
638 841 727 920 pigra
740 839 823 922 poli:

172 927 255 987 Eece
270 924 451 985 Promethei
464 941 559 1004 rupes
573 928 606 983 et
618 921 721 984 fabula
734 926 847 986 montis

217 1010 314 1085 Quam
328 1026 428 1089 prope
443 1013 515 1068 sunt
530 1005 647 1086 oeulis,
669 1026 750 1067 nunc
764 1006 925 1088 adeunda,
947 1013 1029 1074 tuis!

152 1092 302 1156 5Videris
315 1093 474 1152 immensis
490 1110 559 1150 eum
575 1087 766 1151 conclamata
779 1091 934 1171 querellis

218 1176 410 1254 Saracenis,
433 1174 518 1235 dices
534 1174 672 1253 „Durior
688 1175 756 1255 ipse
771 1175 866 1239 init.“

173 1260 216 1322 Et
228 1258 307 1320 licet
320 1261 398 1320 haec
414 1258 523 1319 addas:
546 1258 677 1336 „Potuit
692 1260 744 1336 qui
758 1257 834 1321 talia
847 1260 957 1343 ferre,

214 1344 388 1404 Humanum
402 1344 514 1404 merito
530 1341 662 1402 tinxerat
675 1339 734 1403 ille
747 1344 877 1422 genua.“

559 1505 666 1568 XLVI.

172 1625 293 1686 Gellius
309 1623 454 1685 aedificat
469 1640 607 1705 semper:
630 1623 721 1686 modo
735 1622 843 1686 limina
854 1626 967 1707 ponit,

213 1708 302 1770 Nune
316 1708 437 1768 foribus
453 1705 553 1767 claves
568 1714 654 1787 aptat
672 1709 808 1789 emitque
823 1726 929 1786 seras3

172 1795 260 1854 Nunc
274 1793 347 1869 has,
369 1810 451 1850 nunc
465 1789 535 1851 illus
551 1791 656 1850 reiicit
669 1799 828 1871 mutatque
842 1792 1023 1858 fenestras:

215 1878 293 1937 Dum
308 1881 427 1935 tantum
443 1874 603 1953 aedificet,
627 1875 780 1954 quidlibet
793 1875 849 1936 ille
864 1876 961 1959 facit,

150 1960 283 2024 50ranti
298 1978 436 2018 nummos
449 1965 483 2017 ut
500 1957 606 2018 dicere
620 1961 719 2040 possit
732 1962 830 2020 amico

215 2045 317 2105 Unum
334 2039 415 2102 illud
430 2044 559 2103 verbum
575 2042 697 2104 Gellius
711 2043 909 2124 „Aeditico.“

550 2197 672 2262 XLVII.

174 2314 387 2394 Democ'ritos,
409 2317 553 2376 Zenonas
567 2315 826 2397 inexplicitosque
840 2316 994 2382 Platonas

217 2399 375 2477 Quidquid
389 2406 422 2458 et
436 2400 565 2459 hirsutis
581 2399 705 2478 squalet
718 2403 919 2482 imaginibus,

174 2485 226 2543 Sic
242 2484 328 2561 quasi
344 2483 539 2560 Pythagorae
553 2480 694 2561 loqueris
709 2505 869 2547 successor
883 2493 919 2548 et
930 2487 1052 2571 heres,

214 2565 415 2646 Praependet
430 2565 531 2625 Samia
545 2584 604 2625 nee
618 2568 676 2627 tibi
691 2571 787 2631 barba
801 2573 911 2632 minor.

151 2649 239 2714 iSed
255 2648 337 2729 quod
351 2657 384 2712 et
397 2650 530 2710 hircosis
548 2669 651 2710 serum
666 2660 715 2713 eat
731 2661 764 2714 et
777 2661 869 2735 turpe
882 2653 1015 2736 pilosis,

214 2737 248 2797 ln
263 2733 351 2796 molli
365 2734 496 2816 rigidam
511 2733 600 2796 clune
613 2734 750 2799 libenter
764 2739 870 2800 habes.

173 2820 238 2898 Tu,
261 2822 313 2901 qui
331 2828 485 2883 sectarum
501 2840 605 2881 causas
620 2826 653 2880 et
667 2821 806 2902 pondera
820 2823 920 2900 nosti,

214 2906 272 2966 Die
286 2907 378 2984 mihi,
399 2904 537 2987 percidi,
557 2906 740 2986 Pannyehe‚
761 2906 871 2987 dogma
885 2905 970 2987 quod
984 2911 1060 2972 esti

544 3051 677 3116 XLVlll.

174 3163 333 3226 Heredem
349 3185 416 3226 oum
431 3186 480 3228 me
493 3170 592 3249 partis
606 3170 680 3248 tibi,
702 3169 849 3248 Garriee‚
871 3177 1005 3251 quartae

215 3249 279 3309 Per
293 3254 347 3309 tua
362 3251 482 3311 iurares
497 3272 584 3312 sacra
601 3259 754 3333 caputque
771 3259 873 3333 tuum,

175 3331 383 3412 Credidimus,
393 3367 437 3379 -
449 3338 516 3414 quis
532 3339 613 3397 euim
629 3336 754 3397 damnet
768 3357 822 3398 sua
835 3344 906 3398 vota
919 3336 1091 3404 libenter?
1101 3375 1125 3386 -

215 3416 257 3478 Et
271 3436 357 3497 spem
372 3422 550 3481 muneribus
564 3422 694 3482 fovimus
708 3439 806 3502 usqne
821 3420 918 3499 datis3

150 3498 261 3561 ilnter
277 3521 355 3584 quae
369 3504 433 3565 rari
447 3504 633 3567 Laurentem
647 3505 795 3588 ponderis
811 3526 917 3590 aprum
