2370 3924
83 237 147 302 212
407 237 452 299 M.
467 237 558 301 VAL.
574 236 800 298 Mala'rlnuts

578 389 639 452 Lll.

166 508 200 568 Si
219 507 321 568 credis
336 509 427 586 mihi,
450 509 580 586 Quinte,
603 506 685 585 quod
699 506 849 586 mereris,

165 591 308 671 Natales,
328 591 436 671 Ovidi,
458 599 525 652 tuas
540 591 665 672 Apriles

165 676 209 737 Ut
222 683 343 737 nostras
358 696 424 735 amo
439 676 569 736 Murtias
582 673 743 736 Kalendas.

165 759 256 821 Felix
270 768 400 842 utraque
414 759 468 819 lux
484 759 613 839 diesque
627 761 716 820 uobis

100 809 112 935 t}
144 842 316 944 tSignandi
330 841 512 945 melioribus
526 841 657 944 lapillis!
684 927 692 944 ·

47 953 75 1045 a
166 926 866 1090 inuuunt.
981 1064 991 1081 ,

100 1152 110 1195 a
567 1143 643 1209 tht.

165 1255 269 1318 Natali
283 1257 356 1335 tibi,
380 1257 512 1333 Quinte,
531 1262 583 1315 tuo
600 1254 675 1316 dare
688 1276 782 1336 parva
795 1254 939 1317 volebam

207 1341 356 1416 Munera;
378 1346 412 1401 tu
426 1341 588 1418 prohibes:
609 1341 794 1420 imperiosus
807 1340 900 1400 horno
916 1359 964 1403 es.

165 1423 340 1486 Parendum
355 1430 404 1484 est
417 1424 557 1500 monitis,
578 1424 631 1482 fiat
647 1422 729 1503 quod
744 1430 876 1503 uterque
891 1422 1035 1488 volemus

208 1509 250 1568 Et
265 1507 347 1587 quod
362 1512 526 1587 utrumqne
541 1509 636 1568 iuvat:
658 1518 692 1567 tu
706 1508 798 1586 mihi,
818 1508 951 1586 Quinte,
975 1509 1062 1576 dato.

84 1672 89 1723 .
559 1641 637 1705 nav.

80 1754 84 1807 ξ
167 1737 202 1798 Si
215 1740 291 1798 mihi
305 1740 421 1799 Picena
436 1738 544 1800 turdus
558 1737 695 1820 palleret
712 1737 807 1817 oliva,

80 1828 83 1839 '
208 1821 372 1882 Tenderet
387 1828 439 1882 aut
453 1829 574 1883 nostras
588 1822 663 1882 silva
678 1822 790 1883 Sabina
804 1820 926 1902 plagas3

167 1905 230 1964 Aut
245 1912 408 1965 crescente
424 1906 501 1966 levis
517 1908 694 1968 traheretur
708 1905 857 1966 arundine
872 1907 994 1987 praeda

208 1989 334 2067 Pinguis
350 1995 382 2049 et
396 1989 560 2069 implicitas
575 1992 659 2069 virga
673 1997 797 2050 teneret
811 2009 897 2050 aves:

144 2072 265 2151 auare,
288 2073 376 2132 daret
390 2073 541 2134 sollemne
555 2077 612 2135 tibi
627 2075 768 2152 cognatio
782 2093 907 2153 munus,

207 2157 271 2216 Nec
286 2158 385 2218 irater
399 2161 504 2237 nobis,
525 2177 584 2219 nec
597 2160 684 2238 prior
699 2164 783 2218 esset
798 2177 877 2218 avus.

165 2239 253 2301 Nunc
268 2248 391 2302 sturnos
406 2244 515 2321 inopes
529 2241 796 2322 fringillorumque
812 2239 974 2319 querellas

208 2326 304 2385 nodia
318 2332 350 2386 et
365 2335 472 2404 arguto
488 2345 614 2406 passere
630 2331 737 2384 vernat
751 2344 831 2403 ager.

165 2407 240 2466 lude
256 2407 403 2468 salutatus
417 2412 504 2489 picae
520 2409 689 2489 respondet
705 2417 824 2486 arator,

125 2501 159 2554 10
207 2492 288 2549 Hinc
301 2511 400 2572 prope
415 2512 530 2552 summa
547 2513 641 2572 rapax
656 2492 764 2553 milvus
780 2492 817 2553 ad
833 2498 914 2553 astra
927 2491 1028 2557 volat.

165 2574 319 2635 Mittimus
334 2593 409 2654 ergo
424 2576 481 2635 tibi
495 2594 606 2655 parvae
622 2576 801 2636 munuscula
815 2578 950 2654 chortis,

208 2657 317 2734 Qualia
331 2661 357 2720 si
372 2661 504 2741 recipis,
527 2678 619 2740 saepe
634 2663 825 2741 propinquus
843 2662 914 2723 eris.

573 2795 637 2858 LV.

162 2891 247 2952 Luce
260 2895 520 2972 propinquorum,
542 2912 601 2971 qua
615 2890 746 2971 plurima
760 2892 893 2951 mittitur
907 2889 995 2968 ales,

206 2975 284 3035 Dum
299 2973 418 3036 Stellae
433 2974 556 3053 turdos,
579 2974 650 3034 dum
665 2976 737 3053 tibi,
757 2973 888 3053 Flacce,
909 2994 1008 3056 paro,

165 3055 310 3118 Occurrit
324 3059 412 3117 nobis
429 3058 537 3135 ingens
553 3076 746 3137 onerosaque
760 3062 866 3137 turba,

205 3141 240 3200 ln
256 3159 363 3220 quase
377 3142 509 3219 primurn
525 3143 655 3220 quisque
669 3161 832 3221 meumque
845 3147 942 3222 putat.

143 3223 365 3284 5Demeruiase
382 3223 457 3285 duos
472 3232 574 3286 votum
590 3233 654 3300 est;
677 3227 839 3286 offendere
854 3225 964 3306 plures

206 3309 265 3369 Vix
282 3313 396 3384 tutum3
415 3308 519 3369 multis
532 3311 657 3370 mittere
673 3309 752 3370 alona
766 3329 858 3390 grave
874 3316 933 3372 est.

163 3391 229 3466 Qua
242 3409 367 3471 possum
382 3391 446 3453 sola
462 3395 579 3455 veniam
597 3397 717 3454 ratione
732 3398 892 3457 merebor:

202 3473 269 3537 Nec
284 3475 401 3538 Stellae
416 3478 541 3558 turdos,
561 3496 618 3538 nec
634 3480 708 3558 tibi,
729 3478 860 3558 lllacce,
883 3477 976 3539 dabo.
