2370 3924
101 232 122 296 8
180 231 224 295 Μ.
239 229 331 295 VAL.
349 227 575 292 MARTIALIS
588 228 928 292 EPIGRAMMATON
941 231 1071 297 LIBER.

185 381 321 443 Fucinus
337 385 371 441 et
384 379 466 461 plgri
483 383 644 440 taceantur
659 384 765 458 stcgns
779 377 927 443 Neronis:

229 465 318 526 llanc
330 465 438 526 norint
451 482 542 523 unam
557 460 679 523 saecula
693 465 910 528 naumachiam.

566 595 674 657 XXIX.

187 712 263 775 (ium
279 711 422 774 traheret
435 710 578 788 Priscus,
598 711 740 772 traheret
754 712 920 772 certamina
934 711 1037 776 Verus

226 797 320 857 Esset
336 800 369 854 et
383 793 520 872 aequalis
534 794 621 856 Mars
634 795 795 874 utriusque
809 793 878 874 diu,

184 881 294 943 Missic
310 896 403 958 saepe
418 878 493 937 viris
508 895 615 957 magna
628 875 766 949 ¹clamare
783 880 882 958 petits
897 886 961 956 est;
1047 901 1054 912 ·

179 996 182 1002 ·
228 960 292 1024 Sed
308 963 423 1024 caesar
436 958 501 1040 legi
515 961 619 1043 paruit
631 963 700 1044 lpse
714 980 802 1023 suae:
816 996 857 1006 -

163 1048 251 1109 5Lex
266 1053 349 1124 erat,
370 1044 410 1106 ad
424 1044 553 1124 digitum
567 1046 669 1126 pusIta
688 1063 875 1106 concurrere
890 1062 1012 1127 parmae

227 1129 316 1208 Quod
332 1128 439 1207 licuit,
459 1129 565 1191 lances
580 1127 721 1209 donaque
735 1146 828 1210 saepe
844 1128 941 1193 dedit.

184 1216 329 1276 Inventus
342 1220 445 1274 tamen
462 1219 511 1274 est
524 1214 594 1273 linis
610 1211 796 1274 disscrImini
811 1214 917 1293 aequi:

226 1298 407 1377 Pugnavere
422 1315 530 1378 pares,
552 1299 742 1358 succubuere
755 1316 857 1379 pares.

184 1381 274 1443 Misit
289 1383 414 1461 utrique
430 1378 524 1441 rudes
539 1386 571 1441 et
585 1380 702 1461 palmes
717 1381 833 1442 caesar
846 1381 985 1459 utrIque=

145 1474 178 1528 10
193 1521 197 1528 .
226 1465 296 1528 Hoc
309 1466 444 1548 pretium
456 1465 554 1524 virtus
568 1465 727 1543 ingenlosa
741 1462 824 1524 tulit.

187 1548 326 1628 Contigit
339 1550 399 1610 lroc
413 1545 499 1609 nulla
514 1548 574 1608 nisi
589 1553 622 1608 te
640 1551 695 1610 sub
711 1548 870 1628 principe,
893 1545 1023 1609 caesar:

227 1633 304 1695 Cum
320 1632 381 1694 duc
394 1637 584 1714 pugnarent,
605 1633 704 1693 ulctcr
718 1637 851 1711 uterque
864 1631 933 1693 fuit.

507 1761 508 1764 ’
576 1747 672 1809 XXX.

186 1845 315 1906 Concita
334 1841 459 1904 reluces
473 1843 598 1922 lugeret
612 1862 679 1904 curn
695 1841 812 1905 damma
824 1842 980 1905 Malusne

226 1929 268 1989 nt
280 1929 365 1989 varia
381 1924 483 1987 lentas
498 1933 643 1989 necteret
659 1933 727 1989 arte
743 1946 860 2006 maras,
922 1954 936 1977 ο

186 2011 327 2073 Caesaris
346 2016 417 2071 ante
432 2009 531 2091 pedes
544 2009 673 2091 supplex
687 2009 857 2091 slmIlisque
872 2010 1003 2089 roganti.

228 2094 392 2173 θοιιιιίιίι,
413 2099 446 2154 et
458 2094 605 2175 praedam
619 2113 682 2156 nun
695 2096 829 2174 tetigere
845 2113 946 2157 canes.

228 2264 314 2325 Ilaec
328 2258 492 2323 intellecto
511 2262 653 2343 principe
669 2261 749 2323 dona
763 2259 842 2323 tulit.

186 2347 306 2413 Numen
323 2346 419 2406 habet
437 2346 566 2407 caesar:
588 2365 675 2406 sacra
691 2351 740 2406 est
752 2344 846 2423 haec,
869 2363 956 2405 sacra
969 2350 1126 2426 potestus,

228 2429 374 2492 creditcu
397 2429 522 2489 mentiri
537 2448 599 2490 non
614 2427 754 2489 didicere
770 2428 867 2490 ferae.

568 2539 677 2600 XXXI.

186 2637 309 2701 (ledere
326 2637 435 2697 maiori
448 2637 571 2697 virtutis
587 2636 667 2697 fama
682 2635 817 2698 secunda
831 2641 887 2698 est.

226 2720 284 2784 Illa
301 2721 401 2802 gravis
415 2717 518 2801 palma
533 2725 598 2798 est,
621 2740 710 2799 quam
724 2721 825 2781 minor
839 2720 937 2782 hastis
951 2722 1055 2786 habet.

557 2847 679 2910 XXXII.

184 2960 230 3021 lla
243 2962 364 3022 reniam
380 2960 509 3022 subitis:
529 2976 592 3018 non
608 2956 803 3038 displicuisse
816 2965 955 3021 meretur

227 3044 386 3123 Festinat,
409 3043 541 3120 Caesar,
565 3042 617 3120 qui
633 3039 785 3121 placuisse
799 3043 866 3125 tibi.

553 3172 687 3237 XXXIII.

183 3286 290 3350 Flavia
308 3306 400 3369 gens,
423 3293 568 3368 quantum
581 3288 639 3351 tibi
654 3289 765 3350 tertius
780 3287 906 3352 abstulit
918 3289 1028 3351 heresi

225 3373 329 3435 Paene
345 3373 513 3450 initiand,
534 3392 597 3434 nan
610 3373 754 3435 habuisse
769 3372 856 3435 duas.
