<?xml version="1.0" encoding="UTF-8"?>
<!DOCTYPE html PUBLIC "-//W3C//DTD XHTML 1.0 Transitional//EN"
    "http://www.w3.org/TR/xhtml1/DTD/xhtml1-transitional.dtd">
<html xmlns="http://www.w3.org/1999/xhtml" xml:lang="en" lang="en">
 <head>
  <title>
</title>
<meta http-equiv="Content-Type" content="text/html;charset=utf-8" />
  <meta name='ocr-system' content='tesseract 3.04.00' />
  <meta name='ocr-capabilities' content='ocr_page ocr_carea ocr_par ocr_line ocrx_word'/>
</head>
<body>
  <div class='ocr_page' id='page_1' title='image "./epigrammatonlib02martgoog_0088.png"; bbox 0 0 2370 3924; ppageno 0'>
   <div class='ocr_carea' id='block_1_1' title="bbox 305 206 1075 278">
    <p class='ocr_par' dir='ltr' id='par_1_1' title="bbox 305 206 1075 278">
     <span class='ocr_line' id='line_1_1' title="bbox 305 206 1075 278; baseline 0.006 -7"><span class='ocrx_word' id='word_1_1' title='bbox 305 208 646 271; x_wconf 83' lang='lat' dir='ltr'><strong>EPIGRAMMATON</strong></span> <span class='ocrx_word' id='word_1_2' title='bbox 661 206 737 271; x_wconf 76' lang='grc' dir='ltr'><strong>ΙᾸΒ.Ι</strong></span> <span class='ocrx_word' id='word_1_3' title='bbox 750 210 798 272; x_wconf 89' lang='grc' dir='ltr'><strong>ΙΠ.</strong></span> <span class='ocrx_word' id='word_1_4' title='bbox 1033 212 1075 278; x_wconf 79' lang='grc'><strong>63</strong></span> 
     </span>
    </p>
   </div>
   <div class='ocr_carea' id='block_1_2' title="bbox 114 522 976 856">
    <p class='ocr_par' dir='ltr' id='par_1_2' title="bbox 115 522 962 689">
     <span class='ocr_line' id='line_1_2' title="bbox 115 522 962 605; baseline 0 -19"><span class='ocrx_word' id='word_1_5' title='bbox 115 526 197 586; x_wconf 76' lang='lat' dir='ltr'><strong>llum</strong></span> <span class='ocrx_word' id='word_1_6' title='bbox 211 544 275 584; x_wconf 87' lang='lat' dir='ltr'><strong>nou</strong></span> <span class='ocrx_word' id='word_1_7' title='bbox 289 525 334 584; x_wconf 88' lang='lat' dir='ltr'><strong>vis</strong></span> <span class='ocrx_word' id='word_1_8' title='bbox 347 525 467 604; x_wconf 78' lang='lat' dir='ltr'>pisces,</span> <span class='ocrx_word' id='word_1_9' title='bbox 491 522 562 583; x_wconf 91' lang='lat' dir='ltr'><strong>dum</strong></span> <span class='ocrx_word' id='word_1_10' title='bbox 576 543 640 584; x_wconf 89' lang='lat' dir='ltr'><strong>nou</strong></span> <span class='ocrx_word' id='word_1_11' title='bbox 654 524 700 583; x_wconf 85' lang='lat' dir='ltr'><strong>vis</strong></span> <span class='ocrx_word' id='word_1_12' title='bbox 716 541 846 605; x_wconf 85' lang='lat' dir='ltr'><strong>carpere</strong></span> <span class='ocrx_word' id='word_1_13' title='bbox 859 523 962 605; x_wconf 87' lang='lat' dir='ltr'><strong>pullos</strong></span> 
     </span>
     <span class='ocr_line' id='line_1_3' title="bbox 157 607 886 689; baseline 0 -20"><span class='ocrx_word' id='word_1_14' title='bbox 157 610 199 669; x_wconf 82' lang='lat' dir='ltr'><strong>Et</strong></span> <span class='ocrx_word' id='word_1_15' title='bbox 212 607 283 689; x_wconf 91' lang='lat' dir='ltr'><strong>plus</strong></span> <span class='ocrx_word' id='word_1_16' title='bbox 299 627 389 688; x_wconf 88' lang='lat' dir='ltr'><strong>quam</strong></span> <span class='ocrx_word' id='word_1_17' title='bbox 401 609 503 687; x_wconf 91' lang='lat' dir='ltr'><strong>putri,</strong></span> <span class='ocrx_word' id='word_1_18' title='bbox 524 609 655 686; x_wconf 88' lang='lat' dir='ltr'><strong>Naevia,</strong></span> <span class='ocrx_word' id='word_1_19' title='bbox 676 609 778 688; x_wconf 81' lang='lat' dir='ltr'><strong>parcis</strong></span> <span class='ocrx_word' id='word_1_20' title='bbox 794 628 886 688; x_wconf 85' lang='lat' dir='ltr'><strong>apro,</strong></span> 
     </span>
    </p>

    <p class='ocr_par' dir='ltr' id='par_1_3' title="bbox 114 692 976 856">
     <span class='ocr_line' id='line_1_4' title="bbox 114 692 976 773; baseline -0.001 -18"><span class='ocrx_word' id='word_1_21' title='bbox 114 695 250 755; x_wconf 80' lang='lat' dir='ltr'><strong>Accusas</strong></span> <span class='ocrx_word' id='word_1_22' title='bbox 264 693 443 773; x_wconf 84' lang='lat' dir='ltr'>rumpisque</span> <span class='ocrx_word' id='word_1_23' title='bbox 461 712 584 771; x_wconf 84' lang='lat' dir='ltr'><strong>cocum,</strong></span> <span class='ocrx_word' id='word_1_24' title='bbox 606 699 750 771; x_wconf 87' lang='lat' dir='ltr'><strong>tauquam</strong></span> <span class='ocrx_word' id='word_1_25' title='bbox 765 694 866 753; x_wconf 87' lang='lat' dir='ltr'><strong>omnia</strong></span> <span class='ocrx_word' id='word_1_26' title='bbox 880 692 976 754; x_wconf 88' lang='lat' dir='ltr'><strong>cruda</strong></span> 
     </span>
     <span class='ocr_line' id='line_1_5' title="bbox 157 775 851 856; baseline -0.001 -18"><span class='ocrx_word' id='word_1_27' title='bbox 157 776 320 838; x_wconf 85' lang='lat' dir='ltr'><strong>Attulerit.</strong></span> <span class='ocrx_word' id='word_1_28' title='bbox 348 777 510 856; x_wconf 79' lang='lat' dir='ltr'><strong>Nunquam</strong></span> <span class='ocrx_word' id='word_1_29' title='bbox 526 778 571 837; x_wconf 91' lang='lat' dir='ltr'><strong>sic</strong></span> <span class='ocrx_word' id='word_1_30' title='bbox 587 794 645 855; x_wconf 84' lang='lat' dir='ltr'><strong>ego</strong></span> <span class='ocrx_word' id='word_1_31' title='bbox 660 775 772 837; x_wconf 81' lang='lat' dir='ltr'><strong>crudus</strong></span> <span class='ocrx_word' id='word_1_32' title='bbox 787 795 851 838; x_wconf 91' lang='lat' dir='ltr'><strong>ero.</strong></span> 
     </span>
    </p>
   </div>
   <div class='ocr_carea' id='block_1_3' title="bbox 510 939 591 1001">
    <p class='ocr_par' dir='ltr' id='par_1_4' title="bbox 510 939 591 1001">
     <span class='ocr_line' id='line_1_6' title="bbox 510 939 591 1001; baseline -0.012 0"><span class='ocrx_word' id='word_1_33' title='bbox 510 939 591 1001; x_wconf 81' lang='lat' dir='ltr'>XIV.</span> 
     </span>
    </p>
   </div>
   <div class='ocr_carea' id='block_1_4' title="bbox 98 1052 685 1385">
    <p class='ocr_par' dir='ltr' id='par_1_5' title="bbox 113 1052 685 1215">
     <span class='ocr_line' id='line_1_7' title="bbox 113 1052 685 1133; baseline -0.002 -19"><span class='ocrx_word' id='word_1_34' title='bbox 113 1054 241 1114; x_wconf 82' lang='lat' dir='ltr'><strong>Romam</strong></span> <span class='ocrx_word' id='word_1_35' title='bbox 256 1053 385 1133; x_wconf 83' lang='lat' dir='ltr'><strong>petebat</strong></span> <span class='ocrx_word' id='word_1_36' title='bbox 400 1053 536 1112; x_wconf 84' lang='lat' dir='ltr'><strong>esuritor</strong></span> <span class='ocrx_word' id='word_1_37' title='bbox 550 1052 685 1113; x_wconf 78' lang='lat' dir='ltr'><strong>Tuccius</strong></span> 
     </span>
     <span class='ocr_line' id='line_1_8' title="bbox 157 1136 649 1215; baseline -0.014 -18"><span class='ocrx_word' id='word_1_38' title='bbox 157 1137 322 1197; x_wconf 70' lang='lat' dir='ltr'><strong>Profectus</strong></span> <span class='ocrx_word' id='word_1_39' title='bbox 338 1153 377 1196; x_wconf 83' lang='lat' dir='ltr'><strong>ex</strong></span> <span class='ocrx_word' id='word_1_40' title='bbox 392 1136 550 1215; x_wconf 85' lang='lat' dir='ltr'><strong>Hispania.</strong></span> <span class='ocrx_word' id='word_1_41' title='bbox 646 1185 649 1189; x_wconf 76' lang='grc'>,</span> 
     </span>
    </p>

    <p class='ocr_par' dir='ltr' id='par_1_6' title="bbox 98 1218 680 1385">
     <span class='ocr_line' id='line_1_9' title="bbox 98 1218 680 1300; baseline -0.003 -18"><span class='ocrx_word' id='word_1_42' title='bbox 98 1290 101 1295; x_wconf 47' lang='lat'><strong><em>‚</em></strong></span> <span class='ocrx_word' id='word_1_43' title='bbox 114 1221 260 1287; x_wconf 84' lang='lat' dir='ltr'><strong>Occurrit</strong></span> <span class='ocrx_word' id='word_1_44' title='bbox 273 1219 322 1280; x_wconf 92' lang='lat' dir='ltr'><strong>illi</strong></span> <span class='ocrx_word' id='word_1_45' title='bbox 336 1218 547 1300; x_wconf 79' lang='lat' dir='ltr'><strong>sportularum</strong></span> <span class='ocrx_word' id='word_1_46' title='bbox 560 1218 680 1280; x_wconf 87' lang='lat' dir='ltr'><strong>fabula:</strong></span> 
     </span>
     <span class='ocr_line' id='line_1_10' title="bbox 156 1303 547 1385; baseline 0 -19"><span class='ocrx_word' id='word_1_47' title='bbox 156 1305 184 1366; x_wconf 79' lang='lat' dir='ltr'>A</span> <span class='ocrx_word' id='word_1_48' title='bbox 198 1310 294 1385; x_wconf 88' lang='lat' dir='ltr'><strong>ponte</strong></span> <span class='ocrx_word' id='word_1_49' title='bbox 309 1303 406 1364; x_wconf 87' lang='lat' dir='ltr'><strong>rediit</strong></span> <span class='ocrx_word' id='word_1_50' title='bbox 419 1303 547 1366; x_wconf 88' lang='lat' dir='ltr'><strong>Mulvio.</strong></span> 
     </span>
    </p>
   </div>
   <div class='ocr_carea' id='block_1_5' title="bbox 517 1466 585 1530">
    <p class='ocr_par' dir='ltr' id='par_1_7' title="bbox 517 1466 585 1530">
     <span class='ocr_line' id='line_1_11' title="bbox 517 1466 585 1530; baseline 0.059 -4"><span class='ocrx_word' id='word_1_51' title='bbox 517 1466 585 1530; x_wconf 88' lang='lat' dir='ltr'><strong>XV.</strong></span> 
     </span>
    </p>
   </div>
   <div class='ocr_carea' id='block_1_6' title="bbox 114 1594 1013 1761">
    <p class='ocr_par' dir='ltr' id='par_1_8' title="bbox 114 1594 1013 1761">
     <span class='ocr_line' id='line_1_12' title="bbox 114 1594 884 1676; baseline 0 -20"><span class='ocrx_word' id='word_1_52' title='bbox 114 1594 191 1656; x_wconf 90' lang='lat' dir='ltr'><strong>Plus</strong></span> <span class='ocrx_word' id='word_1_53' title='bbox 209 1595 312 1656; x_wconf 88' lang='lat' dir='ltr'><strong>credit</strong></span> <span class='ocrx_word' id='word_1_54' title='bbox 324 1615 416 1657; x_wconf 85' lang='lat' dir='ltr'><strong>nemo</strong></span> <span class='ocrx_word' id='word_1_55' title='bbox 432 1616 521 1676; x_wconf 89' lang='lat' dir='ltr'><strong>quam</strong></span> <span class='ocrx_word' id='word_1_56' title='bbox 535 1603 602 1657; x_wconf 88' lang='lat' dir='ltr'><strong>tota</strong></span> <span class='ocrx_word' id='word_1_57' title='bbox 616 1595 737 1658; x_wconf 82' lang='lat' dir='ltr'><strong>Gordus</strong></span> <span class='ocrx_word' id='word_1_58' title='bbox 751 1598 783 1656; x_wconf 91' lang='lat' dir='ltr'><strong>in</strong></span> <span class='ocrx_word' id='word_1_59' title='bbox 797 1598 884 1657; x_wconf 89' lang='lat' dir='ltr'><strong>urbe.</strong></span> 
     </span>
     <span class='ocr_line' id='line_1_13' title="bbox 158 1680 1013 1761; baseline -0.001 -20"><span class='ocrx_word' id='word_1_60' title='bbox 158 1680 258 1760; x_wconf 80' lang='lat' dir='ltr'><strong>„Gom</strong></span> <span class='ocrx_word' id='word_1_61' title='bbox 274 1682 316 1742; x_wconf 91' lang='lat' dir='ltr'><strong>sit</strong></span> <span class='ocrx_word' id='word_1_62' title='bbox 330 1687 392 1742; x_wconf 93' lang='lat' dir='ltr'><strong>tam</strong></span> <span class='ocrx_word' id='word_1_63' title='bbox 407 1699 542 1761; x_wconf 84' lang='lat' dir='ltr'><strong>pauper,</strong></span> <span class='ocrx_word' id='word_1_64' title='bbox 566 1681 763 1760; x_wconf 73' lang='lat' dir='ltr'><strong>quomodo‘3“</strong></span> <span class='ocrx_word' id='word_1_65' title='bbox 793 1683 910 1742; x_wconf 81' lang='lat' dir='ltr'><strong>Caecus</strong></span> <span class='ocrx_word' id='word_1_66' title='bbox 926 1688 1013 1742; x_wconf 88' lang='lat' dir='ltr'><strong>amat.</strong></span> 
     </span>
    </p>
   </div>
   <div class='ocr_carea' id='block_1_7' title="bbox 511 1843 592 1908">
    <p class='ocr_par' dir='ltr' id='par_1_9' title="bbox 511 1843 592 1908">
     <span class='ocr_line' id='line_1_14' title="bbox 511 1843 592 1908; baseline 0.074 -5"><span class='ocrx_word' id='word_1_67' title='bbox 511 1843 592 1908; x_wconf 88' lang='lat' dir='ltr'><strong>XVI.</strong></span> 
     </span>
    </p>
   </div>
   <div class='ocr_carea' id='block_1_8' title="bbox 90 1954 1028 2459">
    <p class='ocr_par' dir='ltr' id='par_1_10' title="bbox 90 1954 1028 2459">
     <span class='ocr_line' id='line_1_15' title="bbox 112 1954 834 2037; baseline 0.003 -21"><span class='ocrx_word' id='word_1_68' title='bbox 112 1958 175 2016; x_wconf 89' lang='lat' dir='ltr'><strong>Das</strong></span> <span class='ocrx_word' id='word_1_69' title='bbox 190 1954 397 2036; x_wconf 83' lang='lat' dir='ltr'><strong>gladiatores,</strong></span> <span class='ocrx_word' id='word_1_70' title='bbox 419 1962 558 2018; x_wconf 89' lang='lat' dir='ltr'><strong>sutorum</strong></span> <span class='ocrx_word' id='word_1_71' title='bbox 572 1956 699 2037; x_wconf 85' lang='lat' dir='ltr'><strong>regule,</strong></span> <span class='ocrx_word' id='word_1_72' title='bbox 723 1957 834 2037; x_wconf 88' lang='lat' dir='ltr'><strong>cerdo,</strong></span> 
     </span>
     <span class='ocr_line' id='line_1_16' title="bbox 158 2039 844 2123; baseline 0.003 -23"><span class='ocrx_word' id='word_1_73' title='bbox 158 2039 310 2120; x_wconf 77' lang='lat' dir='ltr'><strong>Quodque</strong></span> <span class='ocrx_word' id='word_1_74' title='bbox 324 2043 383 2101; x_wconf 94' lang='lat' dir='ltr'><strong>tibi</strong></span> <span class='ocrx_word' id='word_1_75' title='bbox 397 2043 508 2102; x_wconf 85' lang='lat' dir='ltr'><strong>tribuit</strong></span> <span class='ocrx_word' id='word_1_76' title='bbox 524 2041 647 2120; x_wconf 86' lang='lat' dir='ltr'><strong>subula,</strong></span> <span class='ocrx_word' id='word_1_77' title='bbox 669 2043 732 2102; x_wconf 92' lang='lat' dir='ltr'><strong>sica</strong></span> <span class='ocrx_word' id='word_1_78' title='bbox 746 2044 844 2123; x_wconf 76' lang='lat' dir='ltr'><strong>rapit·</strong></span> 
     </span>
     <span class='ocr_line' id='line_1_17' title="bbox 112 2125 1028 2208; baseline 0.001 -21"><span class='ocrx_word' id='word_1_79' title='bbox 112 2125 228 2187; x_wconf 85' lang='lat' dir='ltr'><strong>Ebrius</strong></span> <span class='ocrx_word' id='word_1_80' title='bbox 243 2143 293 2185; x_wconf 86' lang='lat' dir='ltr'><strong>es:</strong></span> <span class='ocrx_word' id='word_1_81' title='bbox 313 2144 416 2205; x_wconf 88' lang='lat' dir='ltr'><strong>neque</strong></span> <span class='ocrx_word' id='word_1_82' title='bbox 431 2127 514 2185; x_wconf 91' lang='lat' dir='ltr'><strong>enim</strong></span> <span class='ocrx_word' id='word_1_83' title='bbox 528 2126 649 2186; x_wconf 88' lang='lat' dir='ltr'><strong>faceres</strong></span> <span class='ocrx_word' id='word_1_84' title='bbox 664 2127 724 2185; x_wconf 93' lang='lat' dir='ltr'><strong>hoc</strong></span> <span class='ocrx_word' id='word_1_85' title='bbox 739 2127 860 2187; x_wconf 81' lang='lat' dir='ltr'><strong>sobrius</strong></span> <span class='ocrx_word' id='word_1_86' title='bbox 879 2146 1028 2208; x_wconf 86' lang='lat' dir='ltr'><strong>unquam,</strong></span> 
     </span>
     <span class='ocr_line' id='line_1_18' title="bbox 155 2208 770 2288; baseline 0 -18"><span class='ocrx_word' id='word_1_87' title='bbox 155 2210 200 2270; x_wconf 85' lang='lat' dir='ltr'><strong>Ut</strong></span> <span class='ocrx_word' id='word_1_88' title='bbox 212 2209 310 2269; x_wconf 88' lang='lat' dir='ltr'><strong>velles</strong></span> <span class='ocrx_word' id='word_1_89' title='bbox 326 2211 411 2271; x_wconf 89' lang='lat' dir='ltr'><strong>corio</strong></span> <span class='ocrx_word' id='word_1_90' title='bbox 425 2208 551 2287; x_wconf 91' lang='lat' dir='ltr'><strong>ludere,</strong></span> <span class='ocrx_word' id='word_1_91' title='bbox 574 2208 686 2288; x_wconf 84' lang='lat' dir='ltr'><strong>cerdo,</strong></span> <span class='ocrx_word' id='word_1_92' title='bbox 707 2215 770 2270; x_wconf 90' lang='lat' dir='ltr'><strong>tuo.</strong></span> 
     </span>
     <span class='ocr_line' id='line_1_19' title="bbox 90 2292 887 2373; baseline -0.003 -17"><span class='ocrx_word' id='word_1_93' title='bbox 90 2294 232 2356; x_wconf 80' lang='lat' dir='ltr'><strong>5Lusisti</strong></span> <span class='ocrx_word' id='word_1_94' title='bbox 246 2294 346 2354; x_wconf 86' lang='lat' dir='ltr'><strong>corio:</strong></span> <span class='ocrx_word' id='word_1_95' title='bbox 368 2293 424 2354; x_wconf 92' lang='lat' dir='ltr'><strong>sed</strong></span> <span class='ocrx_word' id='word_1_96' title='bbox 438 2301 487 2373; x_wconf 91' lang='lat' dir='ltr'><strong>tc,</strong></span> <span class='ocrx_word' id='word_1_97' title='bbox 509 2292 711 2372; x_wconf 89' lang='lat' dir='ltr'><strong>mihicrede,</strong></span> <span class='ocrx_word' id='word_1_98' title='bbox 732 2300 887 2354; x_wconf 90' lang='lat' dir='ltr'><strong>memento</strong></span> 
     </span>
     <span class='ocr_line' id='line_1_20' title="bbox 156 2376 816 2459; baseline 0.003 -22"><span class='ocrx_word' id='word_1_99' title='bbox 156 2376 247 2437; x_wconf 86' lang='lat' dir='ltr'><strong>Nunc</strong></span> <span class='ocrx_word' id='word_1_100' title='bbox 259 2379 293 2437; x_wconf 90' lang='lat' dir='ltr'><strong>in</strong></span> <span class='ocrx_word' id='word_1_101' title='bbox 305 2376 471 2459; x_wconf 87' lang='lat' dir='ltr'><strong>pellicula,</strong></span> <span class='ocrx_word' id='word_1_102' title='bbox 495 2377 607 2458; x_wconf 88' lang='lat' dir='ltr'><strong>cerdo,</strong></span> <span class='ocrx_word' id='word_1_103' title='bbox 629 2385 740 2440; x_wconf 86' lang='lat' dir='ltr'><strong>tencre</strong></span> <span class='ocrx_word' id='word_1_104' title='bbox 754 2385 816 2439; x_wconf 91' lang='lat' dir='ltr'><strong>tua.</strong></span> 
     </span>
    </p>
   </div>
   <div class='ocr_carea' id='block_1_9' title="bbox 504 2543 600 2606">
    <p class='ocr_par' dir='ltr' id='par_1_11' title="bbox 504 2543 600 2606">
     <span class='ocr_line' id='line_1_21' title="bbox 504 2543 600 2606; baseline 0.021 -2"><span class='ocrx_word' id='word_1_105' title='bbox 504 2543 600 2606; x_wconf 87' lang='lat' dir='ltr'>XVII.</span> 
     </span>
    </p>
   </div>
   <div class='ocr_carea' id='block_1_10' title="bbox 90 2668 1018 3174">
    <p class='ocr_par' dir='ltr' id='par_1_12' title="bbox 90 2668 1018 3174">
     <span class='ocr_line' id='line_1_22' title="bbox 114 2668 813 2734; baseline -0.006 -2"><span class='ocrx_word' id='word_1_106' title='bbox 114 2670 302 2732; x_wconf 78' lang='lat' dir='ltr'><strong>Circumlata</strong></span> <span class='ocrx_word' id='word_1_107' title='bbox 319 2671 372 2733; x_wconf 88' lang='lat' dir='ltr'><strong>diu</strong></span> <span class='ocrx_word' id='word_1_108' title='bbox 386 2676 501 2734; x_wconf 88' lang='lat' dir='ltr'><strong>mensis</strong></span> <span class='ocrx_word' id='word_1_109' title='bbox 516 2671 654 2733; x_wconf 88' lang='lat' dir='ltr'><strong>scriblita</strong></span> <span class='ocrx_word' id='word_1_110' title='bbox 669 2668 813 2730; x_wconf 88' lang='lat' dir='ltr'><strong>secundis</strong></span> 
     </span>
     <span class='ocr_line' id='line_1_23' title="bbox 155 2756 746 2827; baseline -0.007 -11"><span class='ocrx_word' id='word_1_111' title='bbox 155 2756 275 2816; x_wconf 85' lang='lat' dir='ltr'><strong>Urebat</strong></span> <span class='ocrx_word' id='word_1_112' title='bbox 289 2757 384 2817; x_wconf 86' lang='lat' dir='ltr'><strong>nimio</strong></span> <span class='ocrx_word' id='word_1_113' title='bbox 400 2777 490 2817; x_wconf 81' lang='lat' dir='ltr'><strong>saeva</strong></span> <span class='ocrx_word' id='word_1_114' title='bbox 505 2757 608 2817; x_wconf 91' lang='lat' dir='ltr'><strong>calore</strong></span> <span class='ocrx_word' id='word_1_115' title='bbox 623 2773 746 2827; x_wconf 81' lang='lat' dir='ltr'><strong>mauus3</strong></span> 
     </span>
     <span class='ocr_line' id='line_1_24' title="bbox 113 2837 905 2918; baseline -0.009 -18"><span class='ocrx_word' id='word_1_116' title='bbox 113 2838 179 2900; x_wconf 86' lang='lat' dir='ltr'><strong>Sed</strong></span> <span class='ocrx_word' id='word_1_117' title='bbox 195 2841 289 2917; x_wconf 80' lang='lat' dir='ltr'><strong>magis</strong></span> <span class='ocrx_word' id='word_1_118' title='bbox 303 2840 432 2901; x_wconf 90' lang='lat' dir='ltr'><strong>ardebat</strong></span> <span class='ocrx_word' id='word_1_119' title='bbox 446 2839 553 2900; x_wconf 88' lang='lat' dir='ltr'><strong>Sabidi</strong></span> <span class='ocrx_word' id='word_1_120' title='bbox 568 2837 653 2918; x_wconf 83' lang='lat' dir='ltr'><strong>gula:</strong></span> <span class='ocrx_word' id='word_1_121' title='bbox 673 2837 815 2917; x_wconf 90' lang='lat' dir='ltr'><strong>protinus</strong></span> <span class='ocrx_word' id='word_1_122' title='bbox 830 2853 905 2913; x_wconf 83' lang='lat' dir='ltr'><strong>ergo</strong></span> 
     </span>
     <span class='ocr_line' id='line_1_25' title="bbox 158 2921 819 3003; baseline -0.008 -19"><span class='ocrx_word' id='word_1_123' title='bbox 158 2924 299 2984; x_wconf 86' lang='lat' dir='ltr'><strong>Sufflavit</strong></span> <span class='ocrx_word' id='word_1_124' title='bbox 313 2927 418 2985; x_wconf 89' lang='lat' dir='ltr'><strong>buccis</strong></span> <span class='ocrx_word' id='word_1_125' title='bbox 433 2932 546 3003; x_wconf 90' lang='lat' dir='ltr'><strong>terque</strong></span> <span class='ocrx_word' id='word_1_126' title='bbox 562 2928 733 3002; x_wconf 88' lang='lat' dir='ltr'><strong>quaterque</strong></span> <span class='ocrx_word' id='word_1_127' title='bbox 748 2921 819 2980; x_wconf 86' lang='lat' dir='ltr'><strong>suis.</strong></span> 
     </span>
     <span class='ocr_line' id='line_1_26' title="bbox 90 3004 1018 3090; baseline -0.012 -19"><span class='ocrx_word' id='word_1_128' title='bbox 90 3006 174 3071; x_wconf 74' lang='lat' dir='ltr'><strong>ailla</strong></span> <span class='ocrx_word' id='word_1_129' title='bbox 189 3007 313 3087; x_wconf 90' lang='lat' dir='ltr'><strong>quidem</strong></span> <span class='ocrx_word' id='word_1_130' title='bbox 329 3011 431 3090; x_wconf 90' lang='lat' dir='ltr'><strong>tepuit</strong></span> <span class='ocrx_word' id='word_1_131' title='bbox 446 3006 622 3088; x_wconf 83' lang='lat' dir='ltr'><strong>digitosque</strong></span> <span class='ocrx_word' id='word_1_132' title='bbox 638 3005 803 3066; x_wconf 86' lang='lat' dir='ltr'><strong>admittere</strong></span> <span class='ocrx_word' id='word_1_133' title='bbox 819 3004 883 3064; x_wconf 85' lang='lat' dir='ltr'><strong>visa</strong></span> <span class='ocrx_word' id='word_1_134' title='bbox 898 3007 963 3080; x_wconf 85' lang='lat' dir='ltr'><strong>est,</strong></span> <span class='ocrx_word' id='word_1_135' title='bbox 1015 3006 1018 3011; x_wconf 80' lang='grc'><em>’</em></span> 
     </span>
     <span class='ocr_line' id='line_1_27' title="bbox 158 3088 814 3174; baseline -0.009 -21"><span class='ocrx_word' id='word_1_136' title='bbox 158 3091 222 3153; x_wconf 90' lang='lat' dir='ltr'><strong>Sed</strong></span> <span class='ocrx_word' id='word_1_137' title='bbox 235 3111 325 3154; x_wconf 86' lang='lat' dir='ltr'><strong>nemo</strong></span> <span class='ocrx_word' id='word_1_138' title='bbox 339 3095 442 3174; x_wconf 92' lang='lat' dir='ltr'><strong>potuit</strong></span> <span class='ocrx_word' id='word_1_139' title='bbox 455 3100 601 3172; x_wconf 85' lang='lat' dir='ltr'><strong>tangere:</strong></span> <span class='ocrx_word' id='word_1_140' title='bbox 625 3088 732 3152; x_wconf 89' lang='lat' dir='ltr'><strong>merda</strong></span> <span class='ocrx_word' id='word_1_141' title='bbox 746 3089 814 3148; x_wconf 90' lang='lat' dir='ltr'><strong>fuit.</strong></span> 
     </span>
    </p>
   </div>
   <div class='ocr_carea' id='block_1_11' title="bbox 497 3255 708 3318">
    <p class='ocr_par' dir='ltr' id='par_1_13' title="bbox 497 3255 708 3318">
     <span class='ocr_line' id='line_1_28' title="bbox 497 3255 708 3318; baseline -0.047 -3"><span class='ocrx_word' id='word_1_142' title='bbox 497 3255 606 3318; x_wconf 86' lang='lat' dir='ltr'>xvssl.</span> <span class='ocrx_word' id='word_1_143' title='bbox 655 3260 661 3268; x_wconf 86' lang='lat'>&#39;</span> <span class='ocrx_word' id='word_1_144' title='bbox 707 3302 708 3305; x_wconf 74' lang='grc'>,</span> 
     </span>
    </p>
   </div>
   <div class='ocr_carea' id='block_1_12' title="bbox 112 3366 889 3532">
    <p class='ocr_par' dir='ltr' id='par_1_14' title="bbox 112 3366 889 3532">
     <span class='ocr_line' id='line_1_29' title="bbox 112 3366 865 3448; baseline 0.001 -21"><span class='ocrx_word' id='word_1_145' title='bbox 112 3367 301 3430; x_wconf 82' lang='lat' dir='ltr'><strong>Perfrixisse</strong></span> <span class='ocrx_word' id='word_1_146' title='bbox 314 3375 384 3429; x_wconf 86' lang='lat' dir='ltr'><strong>tuas</strong></span> <span class='ocrx_word' id='word_1_147' title='bbox 400 3374 509 3447; x_wconf 90' lang='lat' dir='ltr'><strong>questa</strong></span> <span class='ocrx_word' id='word_1_148' title='bbox 520 3372 570 3428; x_wconf 86' lang='lat' dir='ltr'><strong>est</strong></span> <span class='ocrx_word' id='word_1_149' title='bbox 582 3367 735 3448; x_wconf 87' lang='lat' dir='ltr'><strong>praefatio</strong></span> <span class='ocrx_word' id='word_1_150' title='bbox 750 3366 865 3428; x_wconf 81' lang='lat' dir='ltr'><strong>fauces.</strong></span> 
     </span>
     <span class='ocr_line' id='line_1_30' title="bbox 158 3448 889 3532; baseline -0.007 -20"><span class='ocrx_word' id='word_1_151' title='bbox 158 3452 236 3513; x_wconf 79' lang='lat' dir='ltr'><strong>Cum</strong></span> <span class='ocrx_word' id='word_1_152' title='bbox 248 3458 281 3513; x_wconf 93' lang='lat' dir='ltr'><strong>te</strong></span> <span class='ocrx_word' id='word_1_153' title='bbox 297 3453 470 3532; x_wconf 83' lang='lat' dir='ltr'><strong>excusaris,</strong></span> <span class='ocrx_word' id='word_1_154' title='bbox 491 3452 642 3530; x_wconf 85' lang='lat' dir='ltr'><strong>Maxime,</strong></span> <span class='ocrx_word' id='word_1_155' title='bbox 664 3448 738 3532; x_wconf 92' lang='lat' dir='ltr'><strong>quid</strong></span> <span class='ocrx_word' id='word_1_156' title='bbox 752 3450 865 3510; x_wconf 88' lang='lat' dir='ltr'><strong>recita</strong></span> <span class='ocrx_word' id='word_1_157' title='bbox 872 3448 889 3507; x_wconf 75' lang='lat' dir='ltr'><strong>’t</strong></span> 
     </span>
    </p>
   </div>
   <div class='ocr_carea' id='block_1_13' title="bbox 0 0 1190 3924">
    <p class='ocr_par' dir='ltr' id='par_1_15' title="bbox 0 0 1190 3924">
     <span class='ocr_line' id='line_1_31' title="bbox 0 0 1190 3924; baseline 0 0"><span class='ocrx_word' id='word_1_158' title='bbox 0 0 1190 3924; x_wconf 95' lang='lat' dir='ltr'><strong> </strong></span> 
     </span>
    </p>
   </div>
  </div>
 </body>
</html>
