2370 3924
413 221 458 292 M.
473 221 565 285 VAL.
580 219 805 281 MARTIALIS

522 420 699 486 LXXXVII.

174 524 287 585 Narrat
300 530 350 601 tc,
374 523 510 599 Chione,
532 540 653 600 rumor,
674 541 827 600 nunquam
843 508 913 580 esse
926 518 1065 582 fututum
1146 537 1149 543 ’

214 610 318 686 Atque
332 604 411 666 nihil
426 624 525 664 cunno
541 606 647 684 purius
664 624 733 666 esse
747 615 810 665 tuo.

174 692 273 752 Tecta
290 697 393 750 tumen
408 708 470 747 non
483 689 558 766 hac,
582 709 641 768 qua
656 688 774 767 debes,
793 693 883 768 parte
896 684 1027 747 lavaris:

216 775 249 834 Si
263 773 364 854 pudor
380 778 445 851 est,
465 772 602 832 transfer
616 771 753 852 subIIgar
766 774 800 833 in
813 772 933 832 faciem.

515 896 705 960 LXXXVIII.

175 1009 253 1069 Sunt
267 1010 381 1087 gemini
395 1009 526 1087 iratres,
548 1006 670 1069 diversa
684 1007 740 1068 sed
755 1009 880 1087 inguina
893 1007 1028 1088 lingunt.

215 1093 334 1172 Dicite,
357 1092 520 1153 dissimiles
537 1099 608 1153 sunt
621 1093 733 1172 magis,
755 1112 792 1152 an
807 1090 946 1152 similes?

525 1217 690 1279 LXXXIX.

172 1319 271 1378 Utere
285 1317 414 1378 lactucis
430 1323 463 1377 et
477 1315 620 1377 mollibus
635 1320 725 1376 utere
739 1315 860 1377 malvis:

214 1402 291 1463 Nam
305 1402 417 1462 faciem
432 1399 558 1479 durum,
578 1400 724 1478 Phoebe,
748 1404 881 1489 cacuntis
895 1402 1001 1462 habes.

576 1525 641 1587 XC.

172 1637 265 1717 Vult,
286 1658 348 1698 non
362 1637 429 1699 volt
443 1636 519 1698 dare
533 1634 625 1699 Galla
637 1637 730 1714 mihi,
750 1655 809 1697 nec
825 1636 931 1699 dicere
945 1659 1089 1722 possum,

215 1722 303 1800 Quod
317 1721 383 1782 volt
398 1729 432 1783 et
445 1742 508 1782 non
522 1721 603 1800 volt,
623 1719 697 1799 quid
712 1721 771 1781 sibi
786 1721 875 1782 Galla
889 1722 975 1786 velit.

568 1832 648 1895 xcl.

174 1932 388 2011 competeret
401 1933 520 2011 patriae
537 1932 688 1990 missicius
703 1951 773 1990 arva
786 1931 968 2013 Ravennae,

216 2015 366 2075 Semiviro
381 2014 514 2094 Cybeles
529 2034 596 2075 cum
612 2033 705 2093 grege
722 2016 821 2075 iunxit
835 2016 906 2077 itur.

171 2100 252 2159 Huic
268 2118 370 2159 comes
384 2101 534 2159 haerebat
549 2098 664 2159 domini
677 2099 822 2176 fugitivus
835 2098 976 2162 Achillas

215 2183 346 2262 Insignis
359 2183 457 2243 forma
471 2185 670 2263 nequitiaque
682 2201 770 2263 puer.

151 2267 244 2327 5Hoc
259 2266 384 2327 steriles
399 2286 526 2328 sensere
544 2269 618 2327 viri:
642 2287 701 2346 qua
715 2273 804 2345 parte
821 2269 949 2327 cubaret

215 2352 390 2429 Quaerunt,
410 2350 466 2411 sed
479 2353 590 2411 tacitos
607 2352 704 2410 sensit
719 2356 752 2409 et
768 2347 824 2408 ille
839 2349 937 2414 dolos.

172 2435 344 2513 Mentitur,
368 2433 513 2495 credunt:
537 2436 635 2494 somni
649 2439 721 2514 post
735 2435 804 2493 vina
818 2440 985 2512 petunturs

215 2518 368 2578 Continuo
385 2519 503 2577 ferrum
516 2519 606 2578 noxia
622 2519 712 2577 turha
728 2519 810 2597 rapit

171 2601 386 2680 Exciduntque
400 2620 522 2678 senem,
544 2600 680 2681 spondae
696 2621 764 2660 cum
777 2607 867 2681 parte
882 2603 1021 2681 iaceret;

46 2720 53 2727 -
132 2695 164 2747 10
211 2685 350 2765 Namque
364 2705 443 2767 puer
456 2685 562 2766 pluteo
576 2684 699 2746 vindice
713 2691 798 2744 tutus
812 2691 888 2745 crat

172 2769 366 2851 Suppositam
383 2768 534 2851 quondam
549 2770 628 2830 fama
644 2774 693 2830 est
705 2789 763 2849 pro
776 2771 896 2848 virgine
909 2788 1051 2855 cervam,

212 2855 254 2914 At
267 2874 349 2915 nunc
362 2876 420 2936 pro
436 2873 526 2915 cervo
542 2852 679 2915 mentula
695 2855 853 2933 supposita
869 2859 925 2914 est.

560 2981 651 3041 xoss.

170 3078 214 3138 Ut
228 3080 327 3157 patior
342 3079 517 3155 moechum,
537 3084 626 3157 rogat
638 3098 731 3157 uxor,
755 3076 863 3156 Galle,
885 3077 942 3138 scd
954 3096 1061 3145 unum.

211 3162 292 3225 Huic
306 3180 364 3240 ego
378 3181 440 3221 non
456 3161 561 3222 oculos
576 3180 669 3241 eruo,
692 3160 798 3240 Galle,
821 3161 923 3222 duos?

550 3275 656 3336 xcssl.

59 3446 62 3451 ,
172 3369 249 3430 (ium
263 3373 321 3433 tihi
335 3375 470 3433 trecenti
486 3373 645 3454 consules,
668 3374 855 3455 Vetustilla,

169 3453 211 3515 nt
226 3460 291 3515 tres
306 3455 409 3536 capilli
426 3463 631 3551 quattuorque
646 3460 708 3520 sint
726 3458 853 3540 dentes,
