2346 3938
64 242 135 309 m
390 242 434 303 Μ.
451 241 543 304 VAL.
560 242 786 304 MARTIALIS

198 396 246 455 Te
262 393 475 474 dispensator,
496 400 528 454 te
544 391 652 454 (lomus
665 397 732 474 ipsa
746 401 848 476 pavet.

155 478 280 541 Ludere
294 497 353 538 nec
367 479 474 555 nobis,
496 497 555 538 nec
570 484 605 538 tu
617 480 774 558 permittis
789 498 913 556 amare3

194 562 246 623 Nil
261 563 336 623 mihi
349 563 394 622 vis
409 568 443 621 et
456 561 501 622 vis
517 568 626 622 cuncta
640 561 737 623 licere
753 564 822 628 tibi.

156 647 313 727 Corripis,
337 647 498 723 observas,
521 647 680 725 quereris,
701 647 834 728 suspiria
849 647 954 730 ducis,

113 741 148 793 10
198 731 240 790 Et
256 732 306 790 vix
321 750 338 788 a
351 727 462 790 ferulis
477 736 632 809 temperat
644 731 692 791 ira
705 736 766 790 tua.

9 836 12 841 ·
63 864 66 869 .
154 812 187 873 Si
205 815 318 893 Tyrios
333 814 449 893 sumpsi
465 813 564 873 cultus
579 815 688 874 unxive
704 813 847 895 capillos,

194 896 355 957 Exclamas
369 897 552 976 „Nunquam
566 898 687 957 fecerat
699 899 760 958 ista
773 898 898 979 pater.“

151 981 192 1040 Et
207 999 349 1040 numeras
365 985 489 1039 nostros
505 981 631 1040 astricta
644 982 749 1042 fronte
764 984 915 1062 trientes,

197 1063 355 1144 Tanquam
376 1061 415 1123 de
430 1062 508 1123 cella
522 1065 564 1124 sit
582 1063 677 1125 cadus
691 1064 749 1126 illc
763 1072 824 1127 tua.

110 1146 281 1219 15Desinc3
302 1167 365 1208 non
381 1166 507 1227 possum
519 1145 668 1209 libertum
682 1149 768 1210 ferre
782 1151 943 1212 Catonem.

194 1232 273 1291 Esse
289 1233 386 1292 virum
402 1233 461 1291 iam
476 1250 525 1292 me
541 1230 626 1293 dicet
641 1235 737 1294 amica
750 1235 817 1295 tibi.

553 1350 608 1411 XL

151 1447 330 1510 Formosam
344 1446 499 1526 Glyceran
515 1454 595 1507 amat
608 1447 766 1528 Lupercus
792 1472 799 1483 ·

150 1532 193 1594 llt
206 1530 290 1592 solus
306 1538 396 1592 tenet
411 1533 604 1612 imperatque
618 1530 712 1593 solus.

152 1617 248 1693 Quam
265 1623 331 1677 toto
346 1617 405 1676 sibi
419 1633 525 1676 mense
540 1635 603 1675 non
617 1615 749 1676 fututam

151 1701 228 1760 (lum
242 1701 342 1761 tristis
357 1704 543 1779 quereretur
559 1705 592 1758 et
605 1700 728 1778 roganti

123 1785 278 1848 scaurum
291 1782 427 1844 reddere
440 1781 537 1844 vellet
551 1778 697 1861 Aeliano,

148 1866 340 1948 Respondit,
361 1867 514 1946 Glycerae
530 1865 639 1927 dolere
654 1866 774 1928 dentes.

549 1997 633 2058 XLl.'

150 2092 294 2172 indulget
308 2096 416 2174 pecori
429 2097 555 2155 nimium
571 2094 642 2155 dum
659 2102 765 2175 pastor
780 2097 929 2176 Amyntas

194 2179 236 2237 Et
250 2178 363 2256 gaudet
378 2178 458 2237 fama
471 2178 652 2258 luxuriaque
668 2181 787 2258 gregis,

149 2260 307 2323 (ledentes
323 2264 411 2322 oneri
426 2283 526 2322 ramos
542 2263 709 2342 silvamque
725 2265 873 2324 fluentem
955 2328 958 2333 .

193 2345 293 2422 Vicit,
312 2366 474 2406 concussas
490 2348 557 2426 ipse
575 2353 697 2406 secutus
714 2365 797 2426 opes.

122 2427 257 2486 dTriste
271 2446 378 2487 nemus
395 2427 481 2489 dirae
494 2431 593 2489 vetuit
608 2449 772 2510 superesse
787 2432 894 2491 ruinae

188 2511 408 2590 Damnavitque
423 2514 507 2590 rogis
523 2515 613 2572 noxia
625 2513 708 2592 ligna
722 2522 820 2594 pater.

146 2592 295 2670 Pingues,
318 2593 441 2672 Lygdo,
463 2613 533 2654 sues
550 2597 664 2657 habeat
681 2599 798 2659 vicinus
813 2597 919 2659 iollas:

190 2677 238 2736 Te
254 2678 328 2737 satis
344 2685 392 2738 est
405 2680 494 2739 nobis
512 2699 713 2741 annumerare
727 2701 830 2761 pecus.

511 2793 512 2796 ‘
532 2809 623 2872 xun.

145 2902 255 2964 Vivida
270 2924 337 2963 eum
351 2924 460 2984 poscas
476 2907 707 2984 epigrammata,
726 2913 845 2965 mortua
859 2910 949 2987 ponis

189 2986 353 3046 Lemmata.
382 2987 464 3064 Quid
477 2989 563 3067 lieri,
586 2987 777 3068 caeciliane,
799 2993 928 3070 potest?

143 3069 240 3130 Mella
254 3072 343 3131 iubes
357 3071 497 3149 Hyblaea
511 3073 568 3132 tibi
583 3071 633 3131 vel
650 3073 809 3152 Hymettia
822 3076 925 3153 nasci,

184 3153 226 3215 Et
242 3154 345 3232 thyma
360 3156 530 3236 Cecropiae
546 3157 673 3216 Corsica
687 3159 778 3237 ponis
793 3158 864 3237 apl?

403 3349 407 3355 .
525 3289 628 3352 XLlll.
661 3281 666 3292 '

144 3381 340 3460 Deprensum
354 3385 387 3443 in
401 3405 498 3465 puero
515 3389 635 3448 tetricis
650 3408 699 3448 me
714 3390 857 3467 vocibus,
880 3410 971 3467 uxor,

186 3465 326 3549 Corripis
344 3474 377 3528 ct
393 3468 494 3529 culum
508 3477 540 3530 te
556 3491 677 3552 quoque
692 3474 809 3534 habere
822 3474 936 3538 refers.
