2370 3924
91 217 155 285 240
415 219 458 280 M.
474 219 566 282 VAL.
583 218 810 280 Mauritius

217 372 361 451 Haedus,
383 373 539 432 inhumani
553 377 660 451 raptus
675 374 711 431 ah
728 390 783 431 ore
797 371 885 453 lupi,

136 459 215 520 15Et
231 475 309 536 quae
324 474 385 514 non
400 462 512 534 egeant
526 455 612 515 ferro
628 457 791 515 structoris
807 455 941 538 ofellae,

219 542 261 600 Et
277 541 345 599 laba
362 539 520 598 fabrorum
533 540 763 618 prototomique
778 539 883 601 rudes.

175 623 283 685 Pullus
298 622 428 693 adhaec
444 623 590 701 cenisque
605 624 704 682 trihus
717 624 778 683 iam
792 641 891 702 perna
906 633 1068 707 superstes

217 706 510 780 Addetur31aturis
525 707 611 765 mitia
624 726 714 785 poma
729 706 825 785 daho,

174 793 221 851 oe
234 794 425 855 Nomentana
438 792 540 849 vinum
554 791 621 849 sine
637 790 723 850 faece
740 788 867 868 lagona,

132 885 167 939 20
215 875 300 951 Quae
314 874 361 934 bis
374 874 526 934 Frontino
543 871 670 933 consule
683 876 782 954 prima
795 873 864 936 fuit.

177 957 338 1019 Accedunt
352 959 419 1016 sine
433 955 511 1016 felle
528 958 589 1016 loci
604 975 662 1016 nec
677 976 765 1017 mane
780 956 919 1017 timenda

217 1042 360 1101 Libertas
376 1047 409 1100 et
422 1038 467 1099 nil
481 1039 563 1119 qnod
577 1042 710 1103 tacuisse
728 1040 815 1103 velis.

176 1127 222 1184 lie
238 1127 363 1204 prasino
379 1125 503 1183 conviva
518 1142 603 1183 meus
616 1131 791 1204 venetoque
804 1122 970 1203 loquatur,

216 1209 282 1269 Nec
297 1209 415 1268 faciunt
431 1225 611 1286 quemquam
628 1207 738 1288 pocula
753 1213 975 1269 nostratuum.

559 1341 666 1403 XLIX.

176 1455 252 1517 Cum
268 1458 359 1532 potes
373 1453 596 1531 amethystinos
608 1453 740 1513 trientes

175 1540 216 1598 Et
230 1538 318 1615 nigro
334 1535 457 1596 madeas
472 1536 649 1616 Opimiano,

175 1623 326 1701 Propinas
340 1618 430 1679 modo
448 1619 605 1680 conditum
620 1620 764 1679 Sabinum

174 1707 216 1768 Et
230 1704 307 1764 dicis
323 1703 415 1781 mihi,
437 1705 528 1765 Cotta
542 1704 620 1781 „Vis
634 1705 666 1763 in
682 1703 802 1764 auro?“

153 1791 343 1867 5Quisquam
360 1785 505 1866 plumbea
518 1788 587 1847 vina
600 1786 666 1847 volt
679 1789 712 1846 in
727 1788 827 1847 auro?

592 1919 626 1980 L.

174 2037 309 2113 Frangat
322 2034 478 2094 Idumaeas
493 2035 592 2093 tristis
606 2034 745 2096 Victoria
758 2034 891 2114 palmas,

218 2118 350 2198 Plange,
372 2119 489 2194 Fauor,
511 2137 599 2177 saeva
613 2123 741 2197 pectora
754 2117 836 2177 nuda
854 2138 954 2179 manu.

175 2204 278 2263 Mutet
293 2204 402 2262 Honor
418 2199 517 2261 cultus
533 2208 566 2260 et
580 2203 694 2280 iniquis
708 2221 836 2262 munera
850 2203 985 2262 flammis

216 2289 311 2348 Mitte
327 2291 505 2363 coronatas,
528 2284 635 2345 Gloria
650 2291 779 2363 maesta,
804 2306 916 2347 comas.

150 2370 244 2431 6Heu
258 2370 391 2429 facinus!
413 2370 512 2448 prima
525 2368 701 2446 fraudatus,
723 2370 858 2450 Scorpe,
877 2371 1009 2432 iuventa

217 2452 340 2512 Occidis
355 2460 388 2512 et
402 2454 507 2529 nigros
523 2459 584 2511 tam
600 2455 661 2512 cito
676 2454 777 2531 iungis
794 2472 899 2531 equos.
965 2485 969 2493 ·

175 2537 324 2597 Curribus
338 2534 392 2595 illa
406 2536 467 2594 tuis
483 2553 605 2615 semper
618 2548 784 2616 properata
799 2539 976 2619 brevisque¹

217 2622 280 2681 Gur
293 2620 353 2679 fuit
369 2625 401 2679 et
415 2619 494 2678 vitae
509 2625 570 2679 tam
585 2639 684 2701 prope
698 2627 779 2681 meta
793 2622 887 2681 tuae?

583 2753 631 2813 Ll.

177 2869 287 2929 Sidera
303 2871 362 2930 iam
379 2871 494 2949 Tyrius
507 2870 634 2929 Phrixei
649 2870 778 2948 respicit
792 2870 860 2947 agni

219 2953 338 3013 Taurus
354 2960 387 3013 et
402 2953 554 3012 alternum
569 2953 698 3013 Castora
713 2952 793 3030 fugit
808 2953 924 3026 hiemr;

173 3036 268 3096 Ridet
283 3056 371 3115 ager,
393 3037 524 3094 vestitur
540 3037 666 3114 humus,
687 3038 818 3097 vestitur
833 3041 866 3095 et
881 3037 996 3115 arhor,

217 3121 373 3180 Ismarium
386 3117 491 3198 pellex
506 3120 610 3180 Attica
622 3120 724 3200 plorat
737 3121 815 3199 Ityn.

150 3205 272 3280 hQuos,
293 3205 456 3281 Faustino,
478 3202 560 3282 dies,
583 3204 689 3282 quales
704 3206 761 3264 tihi
774 3205 870 3263 Roma
882 3204 1055 3266 brennae

215 3286 367 3346 Abstulit!
390 3307 406 3346 o
423 3287 523 3366 soleS‚
547 3309 563 3348 o
580 3290 714 3348 tunicata
731 3289 835 3367 quies!

174 3370 200 3429 0
215 3389 338 3448 nemus,
360 3390 377 3429 o
392 3371 495 3431 fontes
510 3370 702 3451 solidumque
717 3372 868 3432 madentia
883 3371 1026 3437 harenae

214 3454 301 3514 Litus
317 3461 349 3514 et
364 3457 526 3534 aequoreis
544 3455 723 3538 splendidus
738 3459 844 3517 Anxur
856 3459 960 3537 aquis,
