2370 3924
275 239 617 300 urleRAMMAToN
630 239 763 303 Lmle
986 243 1051 308 22³

90 393 180 453 Nunc
193 391 271 451 mibi
285 389 352 470 dic,
375 393 443 469 quis
458 393 536 469 erit,
558 393 607 451 cni
621 398 671 469 te,
695 389 869 476 Galocisse,
893 395 1029 459 deorum

135 477 196 536 Sex
209 476 302 536 iubeo
318 477 446 554 cyathos
460 474 619 535 fundere?
646 477 760 537 Caesar
775 479 847 542 erit.

69 559 204 623 5Sutilis
220 565 344 640 aptetur
360 557 486 619 deciens
500 579 572 618 ross
588 561 740 638 crinibus,
761 568 797 621 ut
811 563 852 622 sit

134 644 193 721 Qui
206 644 311 724 posuit
325 661 431 703 sacrae
445 641 553 703 nobile
567 645 668 721 gentis
684 664 769 725 opus.

90 728 180 789 Nunc
194 729 242 787 bis
258 728 349 804 quina
363 728 439 786 mibi
454 726 493 786 da
507 728 608 805 basia,
627 726 681 786 fiat
694 734 729 787 ut
742 726 821 788 illud

133 812 270 890 Nomen,
292 812 329 871 ab
348 808 482 889 Odrysio
498 809 581 888 quod
596 809 672 870 deus
688 800 764 871 orbe
780 812 859 874 tulit.

475 944 583 1008 XCIV.

90 1057 259 1122 Sardonica
272 1060 424 1121 medicata
440 1060 528 1121 dedit
541 1061 616 1120 mibi
629 1059 741 1140 pocula
754 1063 856 1141 virga:

132 1144 176 1205 Οι
190 1145 338 1204 hominis!
360 1144 492 1204 mulsum
505 1163 555 1204 me
570 1152 659 1223 rogat
672 1145 889 1224 Hippocrates.

90 1227 169 1289 'l'am
184 1228 325 1308 stupidus
340 1248 494 1307 nunquam
509 1247 568 1287 nec
582 1232 633 1306 tu,
653 1236 744 1308 puto,
767 1228 901 1309 Glauce,
922 1230 1027 1310 fuisti,

132 1311 269 1374 Chalcea
283 1311 410 1373 donanti
426 1314 548 1392 chrysia
564 1313 617 1390 qui
631 1310 772 1372 dederas.

65 1396 188 1460 5Dulce
205 1395 316 1476 uliquis
330 1416 439 1457 munus
453 1417 510 1477 pro
525 1413 654 1456 munere
668 1396 770 1475 poscit
785 1397 911 1457 amaro?

52 1483 58 1496 '
130 1482 289 1560 Accipiat,
311 1478 368 1540 sed
383 1482 410 1540 si
423 1487 512 1561 potat
525 1482 558 1540 in
573 1478 723 1541 elleboro.

477 1614 573 1677 XCV.

88 1726 223 1807 Alplrius
238 1732 309 1788 ante
324 1728 399 1806 fuit,
422 1730 526 1808 coepit
539 1748 621 1788 nunc
635 1725 766 1809 Olphius
783 1744 868 1806 esse,

129 1812 267 1873 Uxorem
280 1819 443 1894 postquam
457 1812 543 1872 duxit
557 1813 779 1891 Athenagoras.

463 1947 585 2012 XCVb.
683 1954 686 1959 '

85 2059 207 2120 Nomen
222 2058 439 2136 Athenagorae
454 2061 593 2139 qnaeris,
615 2057 811 2127 Callistrate,
831 2055 961 2117 verum?

130 2142 164 2202 Si
178 2142 259 2220 scio,
282 2140 472 2222 dispeream,
487 2145 556 2221 quis
570 2144 613 2202 sit
626 2143 848 2220 Athenagoras.

41 2226 133 2290 oScd
146 2231 220 2306 puta
234 2244 283 2285 me
299 2244 420 2304 verum,
441 2226 636 2304 Callistrate,
658 2225 764 2284 dicere
779 2241 906 2284 nomen:

129 2310 199 2372 Non
211 2327 285 2389 ego,
307 2307 364 2369 sed
380 2316 486 2370 vester
499 2314 609 2391 peccat
623 2310 845 2387 Athenagoras.

469 2460 575 2522 xcvl.

86 2572 227 2637 Clinicus
240 2574 386 2637 Herodes
400 2571 526 2634 trullam
540 2572 729 2633 subduxerat
742 2589 852 2650 aegro:

126 2659 306 2739 Deprensus
323 2658 401 2720 dixit
414 2656 554 2737 „Stulte,
577 2655 652 2734 qaid
666 2673 740 2732 ergo
754 2655 834 2713 bibis
842 2653 880 2711 ἰιί

466 2790 587 2852 xcvu.

79 2905 247 2985 Rumpitur
260 2905 375 2966 invidia
389 2904 527 2985 quidam,
550 2903 707 2963 carissime
722 2902 796 2979 Iuli,
895 2893 899 2903 ’

126 2989 217 3066 Quod
230 3009 280 3050 me
295 2990 391 3049 Roma
403 2987 499 3067 legit,
519 2988 672 3067 rumpitur
686 2986 810 3047 invidia.

79 3074 248 3153 Rumpitur
261 3073 393 3150 invidia,
415 3071 498 3152 quod
512 3074 603 3132 turba
618 3089 742 3150 semper
755 3072 788 3130 in
804 3071 886 3128 omni

124 3158 338 3218 Monstramur
353 3156 466 3235 digito,
488 3157 642 3236 rumpitur
655 3154 779 3217 invidia.

52 3242 251 3322 5Rumpitur
265 3240 395 3315 invidia,
417 3242 528 3301 tribuit
544 3238 626 3318 quod
640 3240 754 3301 Caesar
769 3244 901 3316 uterque

121 3326 174 3386 Ius
189 3327 264 3386 mihi
279 3332 437 3404 natorum,
459 3326 612 3404 rumpitur
625 3322 748 3383 invidia.

72 3410 246 3490 Rumpitur
261 3409 393 3486 invidia,
417 3407 500 3486 quod
514 3427 566 3468 rus
579 3408 656 3467 mihi
670 3405 760 3468 dulce
775 3407 831 3466 sub
846 3406 923 3466 urbe
942 3412 990 3464 ert

119 3494 283 3575 Parvaque
298 3495 332 3554 in
346 3496 423 3554 urbe
440 3492 562 3572 domus,
584 3493 739 3575 rumpitur
751 3489 887 3552 inuidia.
