2370 3924
416 87 460 150 Μ.
475 87 568 149 VAL.
586 85 810 149 MARTIALIS

147 250 164 304 5
178 237 359 322 Deprendat
372 257 466 298 vacuo
480 243 607 298 venatur
620 239 653 297 in
667 240 739 298 aere
753 237 914 320 praedam,

222 324 255 385 Si
272 330 397 405 captare
412 323 496 383 ferra
510 321 635 402 aucupi·
650 327 716 382 arte
729 320 841 402 plccet.

576 435 641 500 xil.

177 542 263 603 Inter
279 539 451 600 Caesareae
467 535 644 598 dircrimina
658 555 748 598 caera
760 536 876 598 Dianae

218 624 354 685 Fixiaaet
368 619 521 700 gravidam
533 640 601 682 cum
614 617 693 680 levir
707 620 795 681 haatu
808 639 910 701 ruem,

176 705 293 771 lixiluit
306 712 413 788 partun
428 706 559 779 miserae
574 702 614 764 de
628 702 757 765 vulnere
771 706 885 766 matris.

220 789 247 851 0
261 791 378 851 Lucina
391 789 498 867 ferox,
515 789 574 849 hcc
588 788 749 870 peperisse
760 788 841 849 mitt

154 873 324 938 51'luribus
340 871 396 934 illa
408 874 488 933 mori
502 870 649 935 voluieret
663 873 764 933 saucia
778 870 868 952 telis,
884 906 893 924 ·

219 958 368 1021 Omnibus
382 964 417 1018 ut
429 957 511 1016 natis
525 956 617 1017 triste
633 961 757 1037 pateret
771 957 842 1017 iter.

177 1045 253 1121 Quis
267 1047 360 1121 negat
374 1059 444 1102 ecre
459 1046 556 1101 actum
572 1045 710 1100 materno
725 1041 836 1101 iuuere
854 1041 1030 1104 Bacchum?

219 1126 271 1188 Sic
286 1126 424 1205 genitum
438 1142 551 1185 numen
566 1121 702 1184 credite:
724 1130 797 1184 nata
810 1126 879 1187 fera
893 1132 951 1188 eat.

567 1242 645 1304 Xffl.

177 1347 240 1407 lcta
254 1343 339 1424 gravi
352 1342 417 1404 telo
436 1342 639 1421 consonaque
653 1337 782 1400 vulnere
796 1345 895 1400 mater
975 1344 978 1349 '
1033 1355 1037 1362 ·

125 1469 133 1483 ·
221 1427 279 1489 Sus
294 1428 415 1509 pariter
426 1427 519 1487 uitam
533 1423 672 1507 perdidit
687 1431 779 1504 atque
793 1422 888 1483 dedic

176 1512 202 1574 0
220 1533 309 1591 quam
324 1518 409 1572 certa
424 1510 484 1571 fuit
497 1509 611 1571 libratu
625 1508 755 1582 ¹dexteru
771 1507 871 1569 ferro!

219 1597 307 1656 Hanc
323 1612 380 1673 ego
395 1594 530 1653 Lucinae
547 1591 641 1653 credo
656 1593 751 1652 firirse
767 1609 895 1651 manum.

153 1680 313 1759 5Experta
333 1682 381 1737 eat
395 1694 507 1736 numen
522 1676 658 1736 moriens
671 1676 830 1754 utriusque
844 1675 977 1752 Dianae,

218 1763 346 1840 Quaque
362 1756 464 1820 soluta
476 1777 589 1841 parens
604 1777 724 1839 quaque
738 1765 900 1840 perempta
912 1758 981 1819 fera
995 1759 1054 1820 est.

567 1876 647 1937 XIV.

149 1999 151 2003 ’
174 1975 235 2038 Sua
250 1976 319 2037 fera
331 1977 392 2036 iam
406 1976 529 2054 gravior
544 1976 655 2035 maturi
671 1976 802 2055 pignore
817 1975 935 2034 ventris

217 2061 329 2121 Emisit
343 2060 457 2138 fetum,
479 2057 702 2122 vulnerefactc
715 2077 846 2140 parens;

174 2144 239 2205 Nec
253 2145 348 2205 iacuit
360 2150 482 2226 partun,
504 2141 560 2203 red
573 2148 671 2202 matre
686 2141 816 2203 cadente
831 2143 976 2205 cucurrit.

218 2227 245 2289 0
261 2234 406 2308 quantum
422 2232 470 2287 eat
484 2227 594 2287 cubitis
609 2226 728 2288 casibus
743 2227 913 2305 ingenium!

575 2343 643 2407 XV.

177 2442 299 2504 Summa
313 2450 402 2522 tuae,
424 2441 603 2522 Meleagre‚
624 2440 685 2502 fuit
700 2459 778 2520 quae
793 2440 890 2520 gloria
905 2439 1017 2521 famae,

169 2529 172 2539 '
220 2528 373 2604 Quantum
387 2529 451 2588 esti
480 2526 675 2607 Carpophori
688 2527 790 2607 portio
805 2525 890 2584 fusus
907 2543 990 2605 aper.

176 2609 234 2674 Ille
250 2618 283 2672 et
296 2607 460 2693 praecipiti
476 2606 624 2671 venabula
639 2608 779 2670 condidit
793 2627 881 2687 urso,

218 2696 340 2757 Primur
353 2698 386 2756 in
401 2697 510 2757 Arctoi
526 2697 577 2776 qui
592 2695 651 2754 init
665 2711 736 2754 arce
750 2690 832 2774 poli,

154 2779 292 2842 5Stravit
306 2787 339 2840 et
352 2781 457 2859 ignota
472 2776 672 2860 spectandum
686 2776 767 2838 mole
784 2776 923 2853 leonem,

190 2901 192 2906 -
219 2862 390 2923 Herculeas
404 2864 506 2943 potuit
520 2863 571 2941 qui
587 2860 728 2922 decuisse
743 2880 864 2938 manus,

174 2947 216 3010 nt
227 2945 384 3007 volucrem
396 2944 490 3024 longo
506 2946 646 3026 porrexit
658 2943 786 3005 volnere
800 2941 938 3025 pardum.

218 3031 360 3091 Praemia
377 3049 445 3091 cum
461 3028 585 3090 tandem
599 3029 715 3108 ferret,
736 3027 834 3089 adhuc
847 3030 981 3110 poterat.
1082 3101 1086 3111 Ι

575 3148 655 3212 xvi.

179 3247 295 3327 Raptus
310 3245 374 3309 abit
387 3246 487 3309 media
503 3246 586 3328 quod
600 3245 638 3308 ad
652 3247 779 3308 aethera
794 3253 898 3307 taurus
912 3247 1044 3324 harena,

218 3330 287 3392 Non
301 3331 361 3392 fuit
374 3333 433 3394 hoc
449 3333 540 3412 artie,
562 3331 619 3393 aed
633 3332 758 3414 pietatis
772 3350 858 3413 cpur.
