2370 3924
419 228 465 292 M.
482 225 574 290 val..
589 225 817 288 MARTIALIS

459 431 592 495 cmv.
614 429 763 511 Spongia.

175 532 263 593 Haec
277 533 336 592 tibi
351 537 436 593 sorte
452 528 543 591 datur
556 527 717 608 tergendis
733 530 864 608 spongia
878 530 996 592 mensis

216 615 327 695 Utilis,
350 634 497 696 expresso
513 635 581 675 cum
594 615 671 675 levis
684 614 784 673 imbre
798 618 909 677 tumet.

369 749 488 812 CXLV.
510 748 653 810 Poenulo
665 750 856 828 gausapina.

176 854 205 915 Is
219 854 296 914 milri
310 849 425 912 candor
438 854 538 928 inest,
560 849 701 911 villorum
716 851 816 928 gratia
828 855 935 930 unta,

217 937 262 998 Ut
274 955 325 997 me
340 934 392 996 vel
404 934 508 996 medis
520 952 643 994 sumere
656 952 758 994 messe
770 933 858 995 velis.

463 1067 592 1131 cxlvi.
617 1067 766 1129 Gewiool.

178 1165 280 1243 Tinge
296 1171 387 1245 caput
402 1165 506 1225 Cosmi
519 1161 616 1242 folio,
637 1160 771 1224 cervical
785 1157 902 1222 olebit:

216 1248 361 1309 Perdidit
374 1254 564 1328 unguentum
578 1268 647 1309 cum
661 1266 764 1325 coma,
784 1243 892 1326 pluma
906 1250 1004 1307 tenet

323 1382 469 1446 CXLVII.
496 1381 693 1443 &ductoria
706 1383 894 1464 gausapina.

176 1483 318 1562 Stragula
331 1484 496 1564 purpureis
510 1480 618 1542 lucent
630 1481 739 1542 villosa
752 1482 878 1561 tapetis.

219 1567 302 1644 Quid
316 1566 461 1648 prodest,
481 1567 508 1627 si
523 1573 555 1626 te
571 1567 714 1646 congelat
726 1585 803 1626 uxor
818 1565 918 1627 anus?

453 1700 614 1764 CXLVIII.
633 1700 773 1762 Ludius.

176 1799 264 1859 Nudo
279 1799 413 1879 stragula
431 1819 471 1859 ne
486 1806 556 1859 toro
571 1804 732 1879 paterent,

174 1885 297 1944 lunctae
312 1905 368 1944 nos
381 1887 438 1944 tibi
453 1886 590 1944 venimus
606 1901 740 1946 sorores.

426 2017 558 2078 CXLIX.
584 2019 796 2078 Amictorium.

176 2119 359 2178 Mammosas
375 2125 495 2192 metuo;
517 2124 647 2177 tenerae
662 2137 711 2176 me
724 2117 813 2178 trade
828 2117 970 2198 puellae,

216 2204 260 2263 Ut
276 2205 396 2283 possint
412 2204 501 2263 niveo
516 2209 646 2281 pectore
659 2200 724 2262 lina
740 2203 813 2262 frui.

379 2337 440 2398 012.
467 2337 664 2398 Oudiouluriu
675 2338 839 2418 polymita.

172 2436 258 2495 Haec
273 2439 330 2498 tibi
348 2439 529 2517 Memphitis
545 2437 637 2498 tellus
653 2438 705 2497 dat
719 2455 862 2497 munera:
884 2438 966 2497 victa
981 2442 1027 2497 est

215 2519 343 2579 Pectine
359 2521 476 2581 Niliaco
492 2523 552 2580 iam
566 2520 740 2600 Babylonos
756 2541 837 2587 acus.

514 2656 587 2718 CLI.
612 2655 709 2716 Zona.

173 2756 278 2835 Longa
292 2758 366 2816 satis
381 2777 461 2817 nunc
477 2778 559 2829 sum;
582 2756 666 2817 dulci
679 2756 735 2816 sed
749 2755 891 2836 pondere
906 2763 1017 2819 venter

213 2841 247 2899 Si
260 2847 392 2918 tumeat,
413 2843 484 2900 fiam
498 2849 570 2902 tunc
586 2843 644 2900 tibi
658 2861 736 2900 zona
749 2841 860 2901 brevis.

356 2975 443 3035 CLII.
469 2976 649 3057 Gausapum
665 2976 863 3056 quadratum.

172 3073 303 3134 Lodices
317 3077 420 3136 mittet
436 3076 518 3137 docti
533 3079 590 3137 tibi
605 3086 691 3136 terra
705 3075 835 3138 catulli:

210 3158 274 3216 Nos
291 3158 473 3221 Helicaonia
488 3160 528 3220 de
542 3163 671 3240 regione
686 3181 797 3220 sumus.

423 3295 523 3356 cLssl.
550 3294 790 3357 Semicincts‘um.

171 3389 232 3449 Det
245 3393 378 3453 tunicam
391 3391 546 3474 locuples:
569 3415 626 3475 ego
642 3402 675 3456 te
690 3396 894 3476 praecingere
908 3415 1042 3478 possum.

210 3474 320 3538 Essem
337 3479 365 3538 si
376 3474 540 3560 locuples,
559 3500 667 3540 munus
683 3486 848 3559 utrumque
866 3478 985 3541 darem.
