2370 3924
327 237 667 300 EPIGRAMMATCN
679 238 754 307 LIB.
769 238 833 301 Xll.
1039 240 1101 308 3⁰1

530 438 636 502 LXIX.

144 552 196 614 Sic
210 558 356 633 tanquam
370 549 491 614 tabulas
506 554 717 634 scyphosque‚
739 551 852 634 Paule,

144 637 259 698 Omnes
273 637 459 718 archetypos
473 637 570 698 habes
586 638 708 697 amicos.

535 770 629 832 LXX.

141 884 253 945 Lintea
267 883 370 944 ferret
383 886 469 964 Apro
482 886 581 945 vatius
597 904 666 944 oum
677 882 805 945 vernula
822 904 922 966 nuper

184 970 225 1029 ut
241 987 335 1048 supra
348 967 482 1046 togulam
496 967 581 1028 lusca
596 967 723 1029 sederet
738 988 831 1047 anus,

141 1052 246 1131 Atque
261 1050 325 1112 olei
339 1051 452 1111 stillam
468 1050 559 1112 daret
573 1050 799 1113 enterocelicus
813 1058 941 1132 unctor,

184 1134 324 1196 Udorum
338 1137 468 1195 tetricus
484 1154 595 1195 censor
610 1142 643 1195 ct
656 1154 748 1215 asper
762 1143 839 1197 erat.

119 1217 346 1298 5Fraugcndos
361 1218 473 1278 calices
491 1217 774 1299 effundendumque
788 1217 958 1280 Falernum

186 1301 362 1382 Clamabat,
383 1303 508 1363 biberet
523 1304 576 1382 qui
591 1300 681 1362 modo
695 1301 778 1362 lotus
792 1321 897 1382 eques.

142 1388 170 1450 A
184 1406 261 1448 seue
275 1382 333 1448 sed
345 1391 509 1467 postquam
523 1393 633 1467 patruo
647 1405 763 1446 venere
777 1392 935 1465 trecenta,

185 1471 314 1532 Sobrius
328 1492 345 1530 a
359 1471 490 1530 thermis
503 1472 605 1531 nescit
617 1471 704 1531 abire
719 1469 850 1532 domum.

143 1556 169 1616 0
185 1562 332 1635 quantum
349 1554 482 1615 diatreta
495 1553 601 1614 valent
615 1560 649 1614 ct
662 1554 799 1633 quinque
816 1554 943 1614 comati!

95 1650 134 1702 10
184 1639 291 1718 Tunc,
311 1658 379 1699 oum
393 1656 511 1719 pauper
527 1644 611 1717 erat,
632 1656 695 1697 non
711 1638 837 1699 sitiebat
849 1639 946 1718 Aper.

523 1771 630 1833 LXXI.

140 1882 193 1946 Nil
208 1903 289 1964 non,
308 1883 435 1967 Lygdo,
456 1855 533 1947 mibi
550 1903 646 1966 negas
660 1885 797 1964 roganti:

142 1968 185 2030 At
199 1964 351 2046 quondam
367 1970 459 2050 mibi,
480 1968 605 2059 Lygdo,
625 1968 672 2031 nil
687 1969 831 2049 negabas.

517 2119 637 2184 LXXII.

142 2230 251 2310 Iugera
264 2237 418 2292 mercatus
433 2252 533 2313 prope
546 2234 640 2293 busta·
650 2230 777 2291 latentis
792 2229 887 2309 agelli

184 2316 227 2375 lio
239 2313 319 2376 male
335 2323 512 2396 compactae
528 2314 660 2376 culmina
672 2313 751 2374 fulta
765 2333 869 2394 casae,

142 2398 269 2460 Deseris
284 2400 431 2477 urbanas,
452 2406 505 2460 tua
517 2397 661 2480 praedia,
683 2399 872 2478 Pannyche,
886 2395 978 2474 lites,

183 2482 359 2563 Parvaque,
382 2483 439 2544 sed
452 2486 546 2545 tritae
559 2484 696 2564 praemia
713 2489 800 2543 certa
813 2489 913 2562 togae.
964 2548 967 2553 ¹

119 2563 361 2646 5Frumentum‚
382 2564 499 2629 milium
514 2570 727 2649 ptisanamque
742 2568 903 2646 fabamque
918 2562 1041 2626 solebas

183 2650 331 2714 Vendere
345 2655 567 2732 pragmaticus,
590 2672 671 2712 nunc
687 2654 763 2712 emis
776 2649 919 2729 agricola.

512 2783 645 2846 LXXIII.

140 2895 300 2956 Heredem
314 2897 373 2957 tibi
390 2914 456 2972 me,
479 2893 620 2974 Catulle,
642 2893 729 2956 dicis.

140 2980 209 3041 Non
224 2980 364 3059 credam,
383 2981 444 3040 nisi
456 2978 583 3061 legero,
605 2979 737 3042 Catulle.

507 3115 644 3178 LXXIV.
763 3130 767 3137 '

138 3224 218 3285 Ilum
234 3227 293 3287 tibi
306 3225 442 3288 Niliacus
456 3232 561 3307 portat
576 3225 720 3306 crystalla
735 3223 887 3305 cataplus,

180 3310 297 3391 Achpe
313 3309 352 3370 de
365 3312 448 3371 circo
462 3309 573 3391 pocula
585 3310 747 3370 Flaminio.

138 3392 182 3452 Ili
194 3396 290 3472 magis
305 3394 451 3474 audaces,
471 3414 509 3454 an
524 3399 597 3454 sunt
611 3395 664 3473 qui
680 3393 753 3454 talia
767 3394 893 3455 mittunt

181 3478 337 3539 Munera?
359 3479 416 3540 sed
429 3481 567 3558 geminus
584 3476 696 3540 vilibus
712 3497 785 3538 usus
798 3479 891 3539 inest
