2346 3938
337 214 382 276 M.
399 212 490 277 VAL.
506 211 735 274 MARTIALIS

486 415 592 480 LXIV.

100 532 159 607 Qui
174 538 282 592 tonsor
295 535 362 589 tota
375 529 479 589 fueras
494 529 671 588 notissimus
684 531 780 608 urbe,

138 616 181 676 Et
200 614 345 693 posthoc
360 611 502 672 dominae
516 629 646 672 munere
660 612 760 673 factus
775 631 889 694 eques,

99 699 236 760 Sicanias
251 698 344 757 urbes
358 697 559 774 Aetnaeaque
575 714 671 775 regna
683 698 810 775 petisti,

140 783 306 858 Ginname,
324 800 392 840 cum
407 780 532 859 fugeres
547 781 651 840 tristia
664 781 732 839 iura
745 781 817 841 fori.

76 868 166 942 §Qua
183 884 264 924 nunc
279 872 345 925 arte
360 882 467 943 graves
481 863 631 924 tolerabis
643 862 763 924 inutilis
775 865 896 927 annosi

141 946 223 1025 Quid
236 948 312 1008 facit
327 947 436 1007 infelix
451 957 484 1007 et
494 948 622 1026 fugitiva
638 948 746 1024 quies?

99 1033 169 1094 Non
183 1033 309 1108 rhetor,
331 1052 393 1092 non
407 1033 620 1110 grammaticus
636 1030 741 1091 ludive
757 1034 923 1113 magister,

140 1115 209 1176 Non
225 1116 374 1196 Cynicus,
395 1135 459 1175 non
472 1122 506 1174 tu
521 1115 643 1175 Stoicus
659 1133 728 1174 esse
741 1122 850 1198 potes,

98 1199 247 1264 Vendere
262 1218 320 1259 nec
333 1217 441 1260 vocem
456 1196 569 1259 Siculis
582 1197 786 1279 plausumque
803 1201 949 1262 theatris:

56 1296 91 1348 10
139 1281 230 1361 Quod
244 1290 403 1364 superest,
423 1284 555 1360 iterum,
577 1282 742 1363 cunano,
762 1291 874 1346 tonsor
888 1285 958 1348 eris.

487 1415 581 1479 LXV.

96 1531 150 1591 Lis
165 1535 199 1590 tc
215 1531 264 1590 bis
280 1527 417 1589 decimae
432 1536 644 1590 numerantem
658 1530 776 1609 frigora
791 1531 919 1591 brumae

140 1614 286 1675 Conterit
303 1631 363 1671 una
375 1613 494 1690 tribus,
515 1612 709 1692 Gargiliane,
731 1614 819 1675 foris.

96 1699 147 1760 Ah
159 1698 254 1757 miser
269 1702 302 1756 et
316 1694 459 1756 demens!
481 1696 590 1774 viginti
605 1694 707 1776 litigat
722 1698 811 1758 annis

139 1780 323 1859 Quisquam,
346 1781 396 1839 cui
410 1780 509 1858 vinci,
532 1780 726 1860 Gargiliane,
748 1777 848 1842 licet?

482 1928 590 1990 LXVI.

96 2039 256 2103 Heredem
269 2041 384 2102 Fabius
396 2042 566 2103 Labienum
582 2059 620 2101 ex
634 2060 701 2101 asse
719 2040 863 2121 reliquit:

138 2124 214 2185 Plus
229 2125 379 2186 meruisse
393 2132 497 2205 tamen
511 2143 545 2185 se
560 2125 714 2186 Labienus
729 2126 781 2187 ait.

476 2259 594 2323 LXVII.

95 2370 245 2432 Paedicat
257 2390 371 2450 pueros
386 2374 483 2431 tribas
499 2370 657 2432 Philaenis

95 2456 138 2515 lit
151 2455 306 2532 tentigine
320 2456 440 2514 saevior
455 2457 558 2513 mariti

95 2536 245 2599 Undenas
258 2544 345 2598 vorat
358 2541 391 2598 in
406 2536 456 2597 die
469 2536 598 2616 puellas,

94 2622 249 2702 Harpasto
265 2641 387 2701 quoque
401 2620 552 2700 subligata
564 2621 646 2681 ludit

74 2707 140 2772 alit
150 2709 288 2768 flavescit
301 2709 419 2787 haphe,
437 2724 606 2786 gravesque
622 2704 744 2767 draucin

97 2792 242 2852 Halteras
259 2790 344 2852 facili
362 2798 444 2851 rotat
459 2791 594 2867 lacerto,

96 2876 139 2935 Et
153 2877 238 2955 putri
251 2874 405 2935 lutulenta
420 2874 459 2933 de
472 2873 627 2953 palaestra

97 2960 192 3018 Uncti
205 2961 336 3019 verbere
351 2955 475 3035 vapulat
488 2959 642 3033 magistri:

95 3041 160 3101 Nec
176 3049 266 3100 cenat
280 3042 366 3119 prius
382 3048 434 3098 aut
449 3041 602 3099 recumbit
616 3046 702 3117 ante,

54 3125 189 3201 loQuam
203 3130 322 3202 septem
336 3126 451 3183 vomuit
465 3142 566 3183 meros
585 3122 740 3198 deunces3

96 3207 145 3268 Ad
159 3228 235 3286 quos
250 3208 296 3267 fas
313 3209 372 3267 sibi
386 3215 461 3267 tunc
475 3213 562 3288 putat
576 3208 710 3286 reverti,

95 3293 172 3351 Cum
187 3291 320 3371 coliphia
333 3291 468 3352 sedecim
484 3291 626 3354 comedit.

94 3376 170 3435 Post
185 3376 262 3434 haec
277 3378 377 3434 omnia
393 3396 460 3436 cnm
473 3376 670 3450 libidinantur,

93 3460 162 3521 Non
175 3457 268 3520 fellat
280 3495 322 3506 -
335 3466 424 3541 putat
438 3463 497 3521 hoc
511 3481 617 3540 parum
632 3459 723 3522 virile
742 3493 799 3543 ‘⁸1
