2370 3924
329 259 670 322 EPIGRAMMATON
683 263 756 326 LIB.
773 264 824 328 lx.

142 411 258 471 Dicunt
274 411 423 470 Eiarinon
438 416 541 470 tamen
554 419 682 492 poetae,

143 493 207 555 Sed
222 494 353 573 Graeci,
375 495 484 573 quibus
500 501 549 554 esi
562 495 642 556 nihil
655 503 798 576 negatum

97 579 182 644 15Et
197 597 273 657 quos
283 564 377 652 Ἀρες
396 570 491 655 Ἆρες
505 576 598 638 decet
613 598 733 642 sonare.

141 663 239 722 Nobis
252 658 407 720 nonlicet
421 678 490 721 esse
506 668 568 721 tam
582 661 726 743 disertis,

141 747 202 823 Qui
215 744 321 813 Musas
337 742 466 805 colimus
480 747 664 810 severiores.

544 879 609 940 XII.

140 975 175 1036 Si
191 974 281 1035 daret
295 981 475 1035 auctumnus
489 977 566 1036 mihi
580 996 708 1056 nomen,
732 977 887 1059 Oporinos
901 997 1020 1041 essema

183 1057 321 1120 Horrida
337 1061 364 1118 si
378 1060 504 1119 brumae
521 1059 641 1140 sidera,
664 1062 868 1123 chimerinos.

141 1143 249 1203 Dictus
266 1143 303 1202 ab
319 1144 436 1204 aestivo
452 1143 609 1204 Therinos
623 1145 681 1205 tibi
695 1164 802 1206 mense
816 1165 959 1207 vocarera

183 1227 339 1308 Tempora
354 1227 404 1286 cui
416 1245 529 1286 nomeu
545 1245 639 1287 verna
654 1226 787 1309 dedero,
810 1229 877 1308 quis
893 1231 963 1290 esti

138 1454 259 1516 Nomen
272 1456 369 1519 habes
384 1458 488 1517 teneri
503 1359 743 1538 qulllllempon
756 1466 912 1539 nuncupat
926 1447 1014 1541 anui,

183 1540 262 1601 Cum
276 1542 371 1601 breve
388 1541 560 1622 Cecropiae
574 1559 630 1602 ver
643 1539 831 1622 populantur
849 1562 939 1623 apes;

137 1622 258 1683 Nomen
273 1621 413 1684 Acidalia
426 1625 540 1685 meruit
555 1624 638 1704 quod
653 1623 803 1686 arundine
819 1627 923 1707 pingi,

180 1706 271 1783 Quod
286 1708 444 1787 Cytherea
457 1728 512 1768 sua
529 1709 668 1768 scribere
683 1707 797 1788 gaudet
812 1729 885 1784 acu;

110 1788 258 1852 5Nomen
271 1790 455 1870 Erythraeis
470 1790 553 1871 quod
566 1789 674 1852 littera
690 1793 772 1854 locta
784 1790 916 1874 lapillis,

179 1874 308 1935 Gemma
323 1872 407 1954 quod
420 1873 585 1936 Heliadum
598 1874 715 1957 pollice
729 1879 805 1938 trita
819 1882 924 1952 notet3

137 1957 227 2036 Quod
240 1959 335 2039 pinna
350 1960 507 2020 scribente
522 1978 615 2038 grues
630 1958 787 2021 adsidere
804 1958 933 2035 tollant3

180 2041 270 2119 Quod
286 2041 379 2102 decet
391 2043 424 2102 iu
439 2040 506 2103 sola
524 2044 666 2104 anssari
681 2063 750 2105 esse
766 2043 866 2106 domo.

535 2177 616 2240 XIV.

135 2274 245 2352 lluuc,
268 2292 359 2353 quem
374 2293 481 2333 mensa
494 2274 579 2363 tibi„
592 2293 683 2352 quem
702 2293 778 2339 cena
791 2275 910 2355 paravit
924 2276 1054 2336 amioum

176 2357 256 2417 Esse
269 2363 359 2437 putas
373 2356 454 2416 fidae
469 2363 578 2437 pectus
594 2358 768 2418 amicitiae?

134 2440 253 2520 Aprum
267 2447 347 2500 amat
362 2447 395 2500 et
408 2439 521 2501 mullos
537 2448 570 2502 et
583 2461 692 2502 sumen
706 2450 740 2502 et
754 2448 873 2521 ostrea,
895 2461 957 2502 non
971 2448 1013 2503 te.

179 2523 257 2583 Tam
272 2526 353 2584 bene
369 2526 396 2584 si
412 2543 536 2603 cenem,
558 2533 665 2587 noster
681 2528 795 2587 amicus
811 2527 880 2587 erit.

131 2755 294 2835 Inscripsit
307 2755 432 2816 tumulis
446 2659 733 2838 septellvscelersts
745 2758 880 2817 virorum
1073 2700 1081 2743 l
1099 2761 1119 2829 i,

175 2838 239 2918 „Se
254 2839 391 2900 fecisse“
406 2838 516 2902 Chloe.
546 2839 626 2915 Quid
640 2847 715 2921 pote
730 2835 923 2919 simplicius?

531 2973 612 3037 xvi.

133 3068 305 3130 Consilium
320 3070 454 3150 formae,
475 3069 650 3152 speculum,
668 3069 838 3150 dulcesque
852 3066 981 3151 capillos

174 3153 344 3232 Pergameo
359 3156 463 3236 posuit
475 3156 555 3216 dona
570 3161 689 3216 sacrato
702 3153 761 3216 deo

131 3234 191 3297 llle
205 3256 284 3317 puer
298 3243 365 3298 tota
380 3238 503 3300 domino
519 3241 711 3318 gratissimus
724 3238 810 3317 aula,

176 3321 308 3382 Nomine
323 3324 376 3402 qui
388 3325 489 3402 signat
502 3330 644 3404 tempora
657 3341 751 3383 verna
766 3343 830 3385 suo.

101 3403 236 3483 wella,
259 3425 338 3484 quae
351 3406 406 3467 tali
422 3413 568 3468 censetur
582 3425 710 3467 munere
723 3405 830 3468 tellus!

172 3488 239 3549 Nec
254 3490 468 3570 Ganymedeas
481 3489 590 3551 mallet
605 3491 722 3551 habere
737 3510 851 3552 comas.
