<?xml version="1.0" encoding="UTF-8"?>
<!DOCTYPE html PUBLIC "-//W3C//DTD XHTML 1.0 Transitional//EN"
    "http://www.w3.org/TR/xhtml1/DTD/xhtml1-transitional.dtd">
<html xmlns="http://www.w3.org/1999/xhtml" xml:lang="en" lang="en">
 <head>
  <title>
</title>
<meta http-equiv="Content-Type" content="text/html;charset=utf-8" />
  <meta name='ocr-system' content='tesseract 3.04.00' />
  <meta name='ocr-capabilities' content='ocr_page ocr_carea ocr_par ocr_line ocrx_word'/>
</head>
<body>
  <div class='ocr_page' id='page_1' title='image "./epigrammatonlib02martgoog_0085.png"; bbox 0 0 2370 3924; ppageno 0'>
   <div class='ocr_carea' id='block_1_1' title="bbox 63 234 108 302">
    <p class='ocr_par' dir='ltr' id='par_1_1' title="bbox 63 234 108 302">
     <span class='ocr_line' id='line_1_1' title="bbox 63 234 108 302; baseline 0 0"><span class='ocrx_word' id='word_1_1' title='bbox 63 234 108 302; x_wconf 71' lang='lat'><strong>00</strong></span> 
     </span>
    </p>
   </div>
   <div class='ocr_carea' id='block_1_2' title="bbox 270 229 785 295">
    <p class='ocr_par' dir='ltr' id='par_1_2' title="bbox 270 229 785 295">
     <span class='ocr_line' id='line_1_2' title="bbox 270 229 785 295; baseline -0.004 -1"><span class='ocrx_word' id='word_1_2' title='bbox 270 242 273 248; x_wconf 85' lang='lat'>&#39;</span> <span class='ocrx_word' id='word_1_3' title='bbox 384 233 429 295; x_wconf 92' lang='grc' dir='ltr'><strong>Μ.</strong></span> <span class='ocrx_word' id='word_1_4' title='bbox 447 231 540 295; x_wconf 83' lang='lat' dir='ltr'><strong>VAL.</strong></span> <span class='ocrx_word' id='word_1_5' title='bbox 557 229 785 293; x_wconf 82' lang='lat' dir='ltr'>MARTIALIS</span> 
     </span>
    </p>
   </div>
   <div class='ocr_carea' id='block_1_3' title="bbox 534 432 640 496">
    <p class='ocr_par' dir='ltr' id='par_1_3' title="bbox 534 432 640 496">
     <span class='ocr_line' id='line_1_3' title="bbox 534 432 640 496; baseline 0.019 -2"><span class='ocrx_word' id='word_1_6' title='bbox 534 432 640 496; x_wconf 81' lang='lat' dir='ltr'><strong>xciii.</strong></span> 
     </span>
    </p>
   </div>
   <div class='ocr_carea' id='block_1_4' title="bbox 151 545 1114 880">
    <p class='ocr_par' dir='ltr' id='par_1_4' title="bbox 151 545 1114 711">
     <span class='ocr_line' id='line_1_4' title="bbox 151 545 1114 630; baseline 0 -19"><span class='ocrx_word' id='word_1_7' title='bbox 151 550 295 630; x_wconf 82' lang='lat' dir='ltr'><strong>„Primus</strong></span> <span class='ocrx_word' id='word_1_8' title='bbox 310 548 363 607; x_wconf 91' lang='lat' dir='ltr'><strong>ubi</strong></span> <span class='ocrx_word' id='word_1_9' title='bbox 378 547 448 606; x_wconf 86' lang='lat' dir='ltr'><strong>est“</strong></span> <span class='ocrx_word' id='word_1_10' title='bbox 462 548 565 625; x_wconf 82' lang='lat' dir='ltr'><strong>inquis</strong></span> <span class='ocrx_word' id='word_1_11' title='bbox 581 567 673 624; x_wconf 84' lang='lat' dir='ltr'><strong>„oum</strong></span> <span class='ocrx_word' id='word_1_12' title='bbox 684 548 725 607; x_wconf 81' lang='lat' dir='ltr'><strong>rit</strong></span> <span class='ocrx_word' id='word_1_13' title='bbox 738 545 822 607; x_wconf 90' lang='lat' dir='ltr'><strong>liber</strong></span> <span class='ocrx_word' id='word_1_14' title='bbox 835 548 897 608; x_wconf 78' lang='lat' dir='ltr'><strong>iste</strong></span> <span class='ocrx_word' id='word_1_15' title='bbox 911 546 1114 610; x_wconf 74' lang='lat' dir='ltr'><strong>seeundus‘l“</strong></span> 
     </span>
     <span class='ocr_line' id='line_1_5' title="bbox 195 629 895 711; baseline -0.001 -19"><span class='ocrx_word' id='word_1_16' title='bbox 195 631 277 711; x_wconf 81' lang='lat' dir='ltr'><strong>Quid</strong></span> <span class='ocrx_word' id='word_1_17' title='bbox 290 632 416 709; x_wconf 84' lang='lat' dir='ltr'><strong>faciam,</strong></span> <span class='ocrx_word' id='word_1_18' title='bbox 436 631 463 689; x_wconf 89' lang='lat' dir='ltr'><strong>si</strong></span> <span class='ocrx_word' id='word_1_19' title='bbox 476 629 546 710; x_wconf 79' lang='lat' dir='ltr'><strong>plus</strong></span> <span class='ocrx_word' id='word_1_20' title='bbox 561 629 618 690; x_wconf 85' lang='lat' dir='ltr'><strong>ille</strong></span> <span class='ocrx_word' id='word_1_21' title='bbox 635 630 764 711; x_wconf 88' lang='lat' dir='ltr'><strong>pudoris</strong></span> <span class='ocrx_word' id='word_1_22' title='bbox 777 631 895 691; x_wconf 73' lang='lat' dir='ltr'><strong>habet?</strong></span> 
     </span>
    </p>

    <p class='ocr_par' dir='ltr' id='par_1_5' title="bbox 152 715 997 880">
     <span class='ocr_line' id='line_1_6' title="bbox 152 715 997 796; baseline -0.001 -18"><span class='ocrx_word' id='word_1_23' title='bbox 152 717 203 778; x_wconf 84' lang='lat' dir='ltr'><strong>Tu</strong></span> <span class='ocrx_word' id='word_1_24' title='bbox 215 723 319 777; x_wconf 89' lang='lat' dir='ltr'><strong>tamen</strong></span> <span class='ocrx_word' id='word_1_25' title='bbox 332 716 415 775; x_wconf 87' lang='lat' dir='ltr'><strong>buno</strong></span> <span class='ocrx_word' id='word_1_26' title='bbox 430 715 500 773; x_wconf 85' lang='lat' dir='ltr'><strong>fieri</strong></span> <span class='ocrx_word' id='word_1_27' title='bbox 517 715 544 773; x_wconf 82' lang='lat' dir='ltr'><strong>si</strong></span> <span class='ocrx_word' id='word_1_28' title='bbox 557 716 667 794; x_wconf 82' lang='lat' dir='ltr'><strong>mavis,</strong></span> <span class='ocrx_word' id='word_1_29' title='bbox 688 715 824 795; x_wconf 83' lang='lat' dir='ltr'><strong>Regule‚</strong></span> <span class='ocrx_word' id='word_1_30' title='bbox 846 716 997 796; x_wconf 87' lang='lat' dir='ltr'><strong>primum,</strong></span> 
     </span>
     <span class='ocr_line' id='line_1_7' title="bbox 193 797 776 880; baseline 0 -19"><span class='ocrx_word' id='word_1_31' title='bbox 193 801 294 862; x_wconf 90' lang='lat' dir='ltr'><strong>Unum</strong></span> <span class='ocrx_word' id='word_1_32' title='bbox 310 797 349 859; x_wconf 81' lang='lat' dir='ltr'><strong>tle</strong></span> <span class='ocrx_word' id='word_1_33' title='bbox 363 797 456 859; x_wconf 85' lang='lat' dir='ltr'><strong>titulo</strong></span> <span class='ocrx_word' id='word_1_34' title='bbox 471 797 586 859; x_wconf 87' lang='lat' dir='ltr'><strong>tollere</strong></span> <span class='ocrx_word' id='word_1_35' title='bbox 600 801 664 859; x_wconf 85' lang='lat' dir='ltr'><strong>iota</strong></span> <span class='ocrx_word' id='word_1_36' title='bbox 676 805 776 880; x_wconf 84' lang='lat' dir='ltr'><strong>potes.</strong></span> 
     </span>
    </p>
   </div>
   <div class='ocr_carea' id='block_1_5' title="bbox 494 1039 683 1050">
    <p class='ocr_par' dir='ltr' id='par_1_6' title="bbox 494 1039 683 1050">
     <span class='ocr_line' id='line_1_8' title="bbox 494 1039 683 1050; baseline 0.011 -2"><span class='ocrx_word' id='word_1_37' title='bbox 494 1039 683 1050; x_wconf 78' lang='lat'>———-—-</span> 
     </span>
    </p>
   </div>
   <div class='ocr_carea' id='block_1_6' title="bbox 274 1224 901 1491">
    <p class='ocr_par' dir='ltr' id='par_1_7' title="bbox 274 1224 901 1491">
     <span class='ocr_line' id='line_1_9' title="bbox 362 1224 814 1300; baseline 0.007 -3"><span class='ocrx_word' id='word_1_38' title='bbox 362 1224 407 1297; x_wconf 78' lang='grc' dir='ltr'><strong>Μ.</strong></span> <span class='ocrx_word' id='word_1_39' title='bbox 430 1225 535 1298; x_wconf 73' lang='lat' dir='ltr'><strong>vlu.</strong></span> <span class='ocrx_word' id='word_1_40' title='bbox 557 1225 814 1300; x_wconf 73' lang='lat' dir='ltr'><strong>usuumus</strong></span> 
     </span>
     <span class='ocr_line' id='line_1_10' title="bbox 274 1395 901 1491; baseline 0.002 -1"><span class='ocrx_word' id='word_1_41' title='bbox 274 1395 901 1491; x_wconf 77' lang='lat' dir='ltr'><strong>llllllllllllill</strong></span> 
     </span>
    </p>
   </div>
   <div class='ocr_carea' id='block_1_7' title="bbox 479 1554 704 1647">
    <p class='ocr_par' dir='ltr' id='par_1_8' title="bbox 479 1554 704 1647">
     <span class='ocr_line' id='line_1_11' title="bbox 479 1554 704 1647; baseline -0.004 -5"><span class='ocrx_word' id='word_1_42' title='bbox 479 1554 704 1647; x_wconf 77' lang='lat' dir='ltr'><strong>uranum.</strong></span> 
     </span>
    </p>
   </div>
   <div class='ocr_carea' id='block_1_8' title="bbox 154 1766 1008 1961">
    <p class='ocr_par' dir='ltr' id='par_1_9' title="bbox 154 1766 1008 1961">
     <span class='ocr_line' id='line_1_12' title="bbox 448 1766 598 1826; baseline 0.007 -1"><span class='ocrx_word' id='word_1_43' title='bbox 448 1766 450 1769; x_wconf 78' lang='grc'><strong>’</strong></span> <span class='ocrx_word' id='word_1_44' title='bbox 576 1767 598 1826; x_wconf 92' lang='lat' dir='ltr'><strong>l.</strong></span> 
     </span>
     <span class='ocr_line' id='line_1_13' title="bbox 154 1877 1008 1961; baseline 0.005 -21"><span class='ocrx_word' id='word_1_45' title='bbox 154 1880 223 1940; x_wconf 88' lang='lat' dir='ltr'><strong>Hoo</strong></span> <span class='ocrx_word' id='word_1_46' title='bbox 236 1879 295 1939; x_wconf 89' lang='lat' dir='ltr'><strong>tibi</strong></span> <span class='ocrx_word' id='word_1_47' title='bbox 312 1877 462 1958; x_wconf 88' lang='lat' dir='ltr'><strong>quidquid</strong></span> <span class='ocrx_word' id='word_1_48' title='bbox 474 1879 508 1940; x_wconf 84' lang='lat' dir='ltr'><strong>id</strong></span> <span class='ocrx_word' id='word_1_49' title='bbox 522 1886 571 1941; x_wconf 84' lang='lat' dir='ltr'><strong>eat</strong></span> <span class='ocrx_word' id='word_1_50' title='bbox 587 1879 765 1961; x_wconf 77' lang='lat' dir='ltr'><strong>longinquis</strong></span> <span class='ocrx_word' id='word_1_51' title='bbox 779 1883 875 1943; x_wconf 85' lang='lat' dir='ltr'><strong>mittit</strong></span> <span class='ocrx_word' id='word_1_52' title='bbox 886 1883 925 1943; x_wconf 91' lang='lat' dir='ltr'><strong>ob</strong></span> <span class='ocrx_word' id='word_1_53' title='bbox 942 1885 1008 1946; x_wconf 85' lang='lat' dir='ltr'><strong>oris</strong></span> 
     </span>
    </p>
   </div>
   <div class='ocr_carea' id='block_1_9' title="bbox 132 1956 978 2365">
    <p class='ocr_par' dir='ltr' id='par_1_10' title="bbox 132 1956 978 2365">
     <span class='ocr_line' id='line_1_14' title="bbox 196 1956 950 2050; baseline 0.005 -26"><span class='ocrx_word' id='word_1_54' title='bbox 196 1956 298 2024; x_wconf 81' lang='lat' dir='ltr'><strong>Gallia</strong></span> <span class='ocrx_word' id='word_1_55' title='bbox 311 1962 466 2023; x_wconf 77' lang='lat' dir='ltr'><strong>Romanae</strong></span> <span class='ocrx_word' id='word_1_56' title='bbox 480 1967 604 2025; x_wconf 93' lang='lat' dir='ltr'><strong>nomine</strong></span> <span class='ocrx_word' id='word_1_57' title='bbox 620 1964 702 2025; x_wconf 85' lang='lat' dir='ltr'><strong>diota</strong></span> <span class='ocrx_word' id='word_1_58' title='bbox 716 1972 818 2044; x_wconf 83' lang='lat' dir='ltr'><strong>togae.</strong></span> <span class='ocrx_word' id='word_1_59' title='bbox 947 2045 950 2050; x_wconf 28' lang='grc' dir='ltr'>Ι</span> 
     </span>
     <span class='ocr_line' id='line_1_15' title="bbox 152 2045 944 2131; baseline 0.008 -25"><span class='ocrx_word' id='word_1_60' title='bbox 152 2047 244 2106; x_wconf 85' lang='lat' dir='ltr'><strong>Hune</strong></span> <span class='ocrx_word' id='word_1_61' title='bbox 255 2045 334 2125; x_wconf 84' lang='lat' dir='ltr'><strong>legis</strong></span> <span class='ocrx_word' id='word_1_62' title='bbox 350 2051 382 2106; x_wconf 86' lang='lat' dir='ltr'><strong>et</strong></span> <span class='ocrx_word' id='word_1_63' title='bbox 395 2045 500 2108; x_wconf 86' lang='lat' dir='ltr'><strong>laudas</strong></span> <span class='ocrx_word' id='word_1_64' title='bbox 515 2047 630 2110; x_wconf 89' lang='lat' dir='ltr'><strong>librum</strong></span> <span class='ocrx_word' id='word_1_65' title='bbox 644 2050 778 2110; x_wconf 86' lang='lat' dir='ltr'><strong>fortasse</strong></span> <span class='ocrx_word' id='word_1_66' title='bbox 792 2051 944 2131; x_wconf 74' lang='lat' dir='ltr'><strong>prioremr</strong></span> 
     </span>
     <span class='ocr_line' id='line_1_16' title="bbox 194 2129 948 2216; baseline 0.008 -25"><span class='ocrx_word' id='word_1_67' title='bbox 194 2129 250 2191; x_wconf 94' lang='lat' dir='ltr'><strong>llla</strong></span> <span class='ocrx_word' id='word_1_68' title='bbox 263 2129 314 2191; x_wconf 87' lang='lat' dir='ltr'><strong>vel</strong></span> <span class='ocrx_word' id='word_1_69' title='bbox 329 2131 406 2191; x_wconf 84' lang='lat' dir='ltr'><strong>haee</strong></span> <span class='ocrx_word' id='word_1_70' title='bbox 422 2151 490 2192; x_wconf 92' lang='lat' dir='ltr'><strong>mea</strong></span> <span class='ocrx_word' id='word_1_71' title='bbox 504 2140 592 2212; x_wconf 83' lang='lat' dir='ltr'><strong>suut,</strong></span> <span class='ocrx_word' id='word_1_72' title='bbox 614 2152 692 2214; x_wconf 87' lang='lat' dir='ltr'><strong>quae</strong></span> <span class='ocrx_word' id='word_1_73' title='bbox 704 2133 835 2194; x_wconf 90' lang='lat' dir='ltr'><strong>meliora</strong></span> <span class='ocrx_word' id='word_1_74' title='bbox 848 2142 948 2216; x_wconf 87' lang='lat' dir='ltr'><strong>putas.</strong></span> 
     </span>
     <span class='ocr_line' id='line_1_17' title="bbox 132 2212 978 2298; baseline 0.005 -22"><span class='ocrx_word' id='word_1_75' title='bbox 132 2213 228 2277; x_wconf 85' lang='lat' dir='ltr'><strong>5Plus</strong></span> <span class='ocrx_word' id='word_1_76' title='bbox 243 2234 316 2275; x_wconf 88' lang='lat' dir='ltr'><strong>sane</strong></span> <span class='ocrx_word' id='word_1_77' title='bbox 329 2212 453 2296; x_wconf 82' lang='lat' dir='ltr'><strong>placeat</strong></span> <span class='ocrx_word' id='word_1_78' title='bbox 467 2216 589 2278; x_wconf 85' lang='lat' dir='ltr'><strong>domina</strong></span> <span class='ocrx_word' id='word_1_79' title='bbox 605 2220 657 2298; x_wconf 85' lang='lat' dir='ltr'><strong>qui</strong></span> <span class='ocrx_word' id='word_1_80' title='bbox 673 2226 762 2278; x_wconf 89' lang='lat' dir='ltr'><strong>natus</strong></span> <span class='ocrx_word' id='word_1_81' title='bbox 776 2220 810 2279; x_wconf 93' lang='lat' dir='ltr'><strong>in</strong></span> <span class='ocrx_word' id='word_1_82' title='bbox 823 2221 901 2280; x_wconf 91' lang='lat' dir='ltr'><strong>urbe</strong></span> <span class='ocrx_word' id='word_1_83' title='bbox 914 2225 978 2280; x_wconf 81' lang='lat' dir='ltr'><strong>eat:</strong></span> 
     </span>
     <span class='ocr_line' id='line_1_18' title="bbox 149 2299 894 2365; baseline 0.011 -8"><span class='ocrx_word' id='word_1_84' title='bbox 149 2326 154 2334; x_wconf 85' lang='lat'><strong>·</strong></span> <span class='ocrx_word' id='word_1_85' title='bbox 195 2300 298 2360; x_wconf 85' lang='lat' dir='ltr'>Debet</span> <span class='ocrx_word' id='word_1_86' title='bbox 314 2301 397 2360; x_wconf 90' lang='lat' dir='ltr'><strong>enim</strong></span> <span class='ocrx_word' id='word_1_87' title='bbox 412 2299 536 2363; x_wconf 84' lang='lat' dir='ltr'><strong>Gallum</strong></span> <span class='ocrx_word' id='word_1_88' title='bbox 550 2305 675 2363; x_wconf 83' lang='lat' dir='ltr'><strong>vincere</strong></span> <span class='ocrx_word' id='word_1_89' title='bbox 690 2321 785 2363; x_wconf 88' lang='lat' dir='ltr'><strong>verna</strong></span> <span class='ocrx_word' id='word_1_90' title='bbox 802 2302 894 2365; x_wconf 85' lang='lat' dir='ltr'><strong>liber.</strong></span> 
     </span>
    </p>
   </div>
   <div class='ocr_carea' id='block_1_10' title="bbox 570 2437 605 2498">
    <p class='ocr_par' dir='ltr' id='par_1_11' title="bbox 570 2437 605 2498">
     <span class='ocr_line' id='line_1_19' title="bbox 570 2437 605 2498; baseline 0.057 -2"><span class='ocrx_word' id='word_1_91' title='bbox 570 2437 605 2498; x_wconf 93' lang='lat'><strong>11.</strong></span> 
     </span>
    </p>
   </div>
   <div class='ocr_carea' id='block_1_11' title="bbox 151 2543 774 2881">
    <p class='ocr_par' dir='ltr' id='par_1_12' title="bbox 151 2543 774 2710">
     <span class='ocr_line' id='line_1_20' title="bbox 152 2543 774 2625; baseline 0.008 -21"><span class='ocrx_word' id='word_1_92' title='bbox 152 2544 247 2604; x_wconf 79' lang='lat' dir='ltr'><strong>Cuius</strong></span> <span class='ocrx_word' id='word_1_93' title='bbox 266 2547 311 2605; x_wconf 86' lang='lat' dir='ltr'><strong>vis</strong></span> <span class='ocrx_word' id='word_1_94' title='bbox 326 2547 414 2625; x_wconf 81' lang='lat' dir='ltr'><strong>fieri,</strong></span> <span class='ocrx_word' id='word_1_95' title='bbox 433 2543 560 2624; x_wconf 86' lang='lat' dir='ltr'><strong>libelle,</strong></span> <span class='ocrx_word' id='word_1_96' title='bbox 582 2549 715 2609; x_wconf 74' lang='lat' dir='ltr'><strong>munus?</strong></span> <span class='ocrx_word' id='word_1_97' title='bbox 770 2610 774 2620; x_wconf 80' lang='grc'>,</span> 
     </span>
     <span class='ocr_line' id='line_1_21' title="bbox 151 2628 657 2710; baseline 0.006 -23"><span class='ocrx_word' id='word_1_98' title='bbox 151 2628 279 2688; x_wconf 85' lang='lat' dir='ltr'><strong>Festina</strong></span> <span class='ocrx_word' id='word_1_99' title='bbox 293 2631 352 2689; x_wconf 84' lang='lat' dir='ltr'><strong>tibi</strong></span> <span class='ocrx_word' id='word_1_100' title='bbox 365 2630 519 2690; x_wconf 84' lang='lat' dir='ltr'><strong>vindicem</strong></span> <span class='ocrx_word' id='word_1_101' title='bbox 529 2649 657 2710; x_wconf 86' lang='lat' dir='ltr'><strong>parare,</strong></span> 
     </span>
    </p>

    <p class='ocr_par' dir='ltr' id='par_1_13' title="bbox 151 2711 729 2881">
     <span class='ocr_line' id='line_1_22' title="bbox 151 2711 729 2799; baseline 0.01 -29"><span class='ocrx_word' id='word_1_102' title='bbox 151 2711 198 2771; x_wconf 92' lang='lat' dir='ltr'><strong>Ne</strong></span> <span class='ocrx_word' id='word_1_103' title='bbox 215 2713 334 2792; x_wconf 85' lang='lat' dir='ltr'><strong>nigram</strong></span> <span class='ocrx_word' id='word_1_104' title='bbox 349 2715 411 2774; x_wconf 85' lang='lat' dir='ltr'><strong>cito</strong></span> <span class='ocrx_word' id='word_1_105' title='bbox 426 2720 533 2794; x_wconf 75' lang='lat' dir='ltr'><strong>raptus</strong></span> <span class='ocrx_word' id='word_1_106' title='bbox 547 2715 580 2774; x_wconf 92' lang='lat' dir='ltr'><strong>in</strong></span> <span class='ocrx_word' id='word_1_107' title='bbox 597 2712 729 2799; x_wconf 79' lang='lat' dir='ltr'><strong>pulinam</strong></span> 
     </span>
     <span class='ocr_line' id='line_1_23' title="bbox 152 2795 674 2881; baseline 0.011 -27"><span class='ocrx_word' id='word_1_108' title='bbox 152 2795 304 2876; x_wconf 77' lang='lat' dir='ltr'><strong>Cordylas</strong></span> <span class='ocrx_word' id='word_1_109' title='bbox 318 2798 440 2859; x_wconf 85' lang='lat' dir='ltr'><strong>madida</strong></span> <span class='ocrx_word' id='word_1_110' title='bbox 454 2806 540 2878; x_wconf 84' lang='lat' dir='ltr'><strong>tegas</strong></span> <span class='ocrx_word' id='word_1_111' title='bbox 556 2820 674 2881; x_wconf 87' lang='lat' dir='ltr'><strong>papyro</strong></span> 
     </span>
    </p>
   </div>
   <div class='ocr_carea' id='block_1_12' title="bbox 39 2879 699 2963">
    <p class='ocr_par' dir='ltr' id='par_1_14' title="bbox 39 2879 699 2963">
     <span class='ocr_line' id='line_1_24' title="bbox 39 2879 699 2963; baseline 0 -18"><span class='ocrx_word' id='word_1_112' title='bbox 39 2928 45 2945; x_wconf 85' lang='grc'><strong><em>,</em></strong></span> <span class='ocrx_word' id='word_1_113' title='bbox 130 2879 214 2942; x_wconf 70' lang='lat' dir='ltr'><strong>uvel</strong></span> <span class='ocrx_word' id='word_1_114' title='bbox 229 2883 307 2942; x_wconf 88' lang='lat' dir='ltr'><strong>turis</strong></span> <span class='ocrx_word' id='word_1_115' title='bbox 322 2885 478 2963; x_wconf 84' lang='lat' dir='ltr'><strong>piperisve</strong></span> <span class='ocrx_word' id='word_1_116' title='bbox 495 2885 537 2943; x_wconf 86' lang='lat' dir='ltr'><strong>sis</strong></span> <span class='ocrx_word' id='word_1_117' title='bbox 552 2883 699 2945; x_wconf 82' lang='lat' dir='ltr'><strong>cucullus.</strong></span> 
     </span>
    </p>
   </div>
   <div class='ocr_carea' id='block_1_13' title="bbox 150 2964 779 3211">
    <p class='ocr_par' dir='ltr' id='par_1_15' title="bbox 150 2964 779 3211">
     <span class='ocr_line' id='line_1_25' title="bbox 151 2964 708 3048; baseline 0.011 -25"><span class='ocrx_word' id='word_1_118' title='bbox 151 2964 291 3025; x_wconf 80' lang='lat' dir='ltr'><strong>Faustini</strong></span> <span class='ocrx_word' id='word_1_119' title='bbox 304 2967 386 3045; x_wconf 81' lang='lat' dir='ltr'><strong>fugis</strong></span> <span class='ocrx_word' id='word_1_120' title='bbox 402 2969 434 3026; x_wconf 90' lang='lat' dir='ltr'><strong>in</strong></span> <span class='ocrx_word' id='word_1_121' title='bbox 452 2968 573 3026; x_wconf 73' lang='lat' dir='ltr'><strong>sinum?</strong></span> <span class='ocrx_word' id='word_1_122' title='bbox 592 2970 708 3048; x_wconf 88' lang='lat' dir='ltr'><strong>sapisti.</strong></span> 
     </span>
     <span class='ocr_line' id='line_1_26' title="bbox 153 3047 779 3131; baseline 0.011 -24"><span class='ocrx_word' id='word_1_123' title='bbox 153 3047 256 3107; x_wconf 81' lang='lat' dir='ltr'><strong>Cedro</strong></span> <span class='ocrx_word' id='word_1_124' title='bbox 273 3068 354 3110; x_wconf 88' lang='lat' dir='ltr'><strong>nuno</strong></span> <span class='ocrx_word' id='word_1_125' title='bbox 365 3049 442 3109; x_wconf 84' lang='lat' dir='ltr'><strong>licet</strong></span> <span class='ocrx_word' id='word_1_126' title='bbox 458 3048 595 3110; x_wconf 88' lang='lat' dir='ltr'><strong>ambules</strong></span> <span class='ocrx_word' id='word_1_127' title='bbox 609 3057 779 3131; x_wconf 83' lang='lat' dir='ltr'><strong>perunctus</strong></span> 
     </span>
     <span class='ocr_line' id='line_1_27' title="bbox 150 3130 729 3211; baseline 0.01 -19"><span class='ocrx_word' id='word_1_128' title='bbox 150 3130 192 3192; x_wconf 79' lang='lat' dir='ltr'><strong>ut</strong></span> <span class='ocrx_word' id='word_1_129' title='bbox 207 3133 320 3193; x_wconf 77' lang='lat' dir='ltr'><strong>ironiis</strong></span> <span class='ocrx_word' id='word_1_130' title='bbox 337 3135 459 3211; x_wconf 84' lang='lat' dir='ltr'><strong>gemino</strong></span> <span class='ocrx_word' id='word_1_131' title='bbox 475 3133 590 3194; x_wconf 83' lang='lat' dir='ltr'><strong>decens</strong></span> <span class='ocrx_word' id='word_1_132' title='bbox 607 3136 729 3198; x_wconf 89' lang='lat' dir='ltr'><strong>bonore</strong></span> 
     </span>
    </p>
   </div>
   <div class='ocr_carea' id='block_1_14' title="bbox 97 3215 618 3296">
    <p class='ocr_par' dir='ltr' id='par_1_16' title="bbox 97 3215 618 3296">
     <span class='ocr_line' id='line_1_28' title="bbox 97 3215 618 3296; baseline 0.012 -23"><span class='ocrx_word' id='word_1_133' title='bbox 97 3224 102 3228; x_wconf 86' lang='grc'><em>“</em></span> <span class='ocrx_word' id='word_1_134' title='bbox 152 3215 249 3276; x_wconf 85' lang='lat' dir='ltr'><strong>Pictis</strong></span> <span class='ocrx_word' id='word_1_135' title='bbox 264 3215 432 3277; x_wconf 82' lang='lat' dir='ltr'><strong>luxurieris</strong></span> <span class='ocrx_word' id='word_1_136' title='bbox 448 3217 618 3296; x_wconf 84' lang='lat' dir='ltr'><strong>umbilicis,</strong></span> 
     </span>
    </p>
   </div>
   <div class='ocr_carea' id='block_1_15' title="bbox 112 3299 712 3547">
    <p class='ocr_par' dir='ltr' id='par_1_17' title="bbox 112 3299 712 3547">
     <span class='ocr_line' id='line_1_29' title="bbox 112 3299 637 3382; baseline 0.01 -23"><span class='ocrx_word' id='word_1_137' title='bbox 112 3299 195 3360; x_wconf 76' lang='lat' dir='ltr'><strong>roEt</strong></span> <span class='ocrx_word' id='word_1_138' title='bbox 209 3306 241 3360; x_wconf 85' lang='lat' dir='ltr'><strong>te</strong></span> <span class='ocrx_word' id='word_1_139' title='bbox 255 3321 392 3382; x_wconf 88' lang='lat' dir='ltr'><strong>purpura</strong></span> <span class='ocrx_word' id='word_1_140' title='bbox 407 3303 539 3364; x_wconf 82' lang='lat' dir='ltr'><strong>delicata</strong></span> <span class='ocrx_word' id='word_1_141' title='bbox 552 3302 637 3364; x_wconf 84' lang='lat' dir='ltr'><strong>velet</strong></span> 
     </span>
     <span class='ocr_line' id='line_1_30' title="bbox 152 3383 712 3467; baseline 0.014 -25"><span class='ocrx_word' id='word_1_142' title='bbox 152 3383 194 3442; x_wconf 81' lang='lat' dir='ltr'><strong>ut</strong></span> <span class='ocrx_word' id='word_1_143' title='bbox 210 3403 302 3445; x_wconf 83' lang='lat' dir='ltr'><strong>cocco</strong></span> <span class='ocrx_word' id='word_1_144' title='bbox 316 3386 428 3447; x_wconf 78' lang='lat' dir='ltr'><strong>rubeat</strong></span> <span class='ocrx_word' id='word_1_145' title='bbox 442 3388 594 3467; x_wconf 88' lang='lat' dir='ltr'><strong>superbus</strong></span> <span class='ocrx_word' id='word_1_146' title='bbox 610 3386 712 3450; x_wconf 82' lang='lat' dir='ltr'><strong>index.</strong></span> 
     </span>
     <span class='ocr_line' id='line_1_31' title="bbox 148 3465 701 3547; baseline 0.011 -21"><span class='ocrx_word' id='word_1_147' title='bbox 148 3465 209 3527; x_wconf 91' lang='lat' dir='ltr'><strong>lllo</strong></span> <span class='ocrx_word' id='word_1_148' title='bbox 224 3468 345 3531; x_wconf 80' lang='lat' dir='ltr'><strong>vindice</strong></span> <span class='ocrx_word' id='word_1_149' title='bbox 361 3489 420 3530; x_wconf 88' lang='lat' dir='ltr'><strong>neo</strong></span> <span class='ocrx_word' id='word_1_150' title='bbox 434 3472 569 3532; x_wconf 92' lang='lat' dir='ltr'><strong>Probum</strong></span> <span class='ocrx_word' id='word_1_151' title='bbox 584 3474 701 3547; x_wconf 62' lang='lat' dir='ltr'><strong>timeto.</strong></span> 
     </span>
    </p>
   </div>
   <div class='ocr_carea' id='block_1_16' title="bbox 0 0 1190 3924">
    <p class='ocr_par' dir='ltr' id='par_1_18' title="bbox 0 0 1190 3924">
     <span class='ocr_line' id='line_1_32' title="bbox 0 0 1190 3924; baseline 0 0"><span class='ocrx_word' id='word_1_152' title='bbox 0 0 1190 3924; x_wconf 95' lang='lat' dir='ltr'><strong> </strong></span> 
     </span>
    </p>
   </div>
  </div>
 </body>
</html>
