2370 3924
413 217 457 279 M.
473 218 565 280 VAL.
581 218 807 279 MdllTlALlS

564 420 668 484 LVlll.

178 533 210 592 lu
229 534 369 593 tenebris
383 532 472 612 luges
491 536 649 613 amissum,
671 534 775 614 Galla,
797 540 952 602 maritum.

220 617 281 677 lam
295 615 421 696 plorare
436 616 535 697 pudet
549 624 597 696 te,
616 625 709 698 puto,
732 619 819 681 Galla
834 623 942 685 virum.

580 751 656 812 LIX.

177 863 340 924 Flentibus
352 860 517 922 Heliadum
533 865 625 923 ramis
641 863 712 923 dum
727 866 834 945 vipera
852 869 955 949 repit,

219 947 324 1007 Fluxit
339 947 371 1005 in
390 947 563 1006 obstantem
577 949 683 1007 sucina
697 955 783 1027 gutta
796 948 903 1012 ieram.

182 1032 267 1107 Quae
283 1029 353 1089 dnm
369 1031 497 1089 miratur
514 1031 621 1110 pingui
636 1050 669 1091 re
684 1050 757 1092 rore
771 1035 894 1113 teneri,

222 1115 378 1175 Concreto
394 1115 490 1191 riguit
504 1115 605 1174 vincta
619 1122 751 1195 repente
768 1116 849 1195 gelu.

157 1197 228 1261 5Ne
244 1199 302 1257 tibi
317 1195 414 1276 regali
429 1194 570 1276 placeas,
593 1196 776 1279 Cleopatra,
796 1198 960 1283 sepulcro,

221 1282 338 1362 Vipera
353 1284 378 1341 si
393 1279 510 1341 tumulo
525 1279 679 1343 nobiliore
694 1285 784 1346 iacet.

584 1414 648 1478 Lx.

179 1529 284 1590 Ardea
300 1525 434 1589 solstitio
449 1529 659 1608 Castranaque
677 1549 750 1588 rura
762 1536 910 1610 petantur

224 1614 345 1692 Quique
361 1612 518 1673 Cleonaeo
533 1611 637 1673 sidere
649 1612 752 1672 fervet
766 1633 855 1693 ager,

182 1700 258 1760 Cum
275 1698 455 1759 Tiburtinas
470 1696 595 1757 damnet
609 1697 764 1757 Curiatius
779 1718 867 1759 auras

223 1786 308 1842 luter
325 1781 465 1841 laudatas
482 1780 521 1841 ad
536 1782 631 1860 Styga
645 1782 754 1842 missus
770 1802 873 1862 aquas.

157 1865 272 1928 bNullo
288 1866 350 1925 iata
364 1865 435 1925 loco
450 1866 549 1944 possin
565 1862 748 1925 excludere:
771 1887 840 1926 cum
854 1887 940 1928 mors

224 1951 371 2028 Venerit,
394 1951 425 2008 in
440 1947 543 2007 medio
560 1948 678 2008 Tibure
694 1949 836 2010 Sardinia
850 1958 907 2013 est.

581 2101 657 2162 LXI.

182 2215 319 2275 Donasse
337 2216 464 2275 amicum
480 2214 537 2275 tibi
553 2213 700 2290 ducenta,
722 2214 885 2295 Mancino,

181 2299 288 2378 Nuper
302 2300 436 2379 superbo
450 2297 551 2358 lactus
567 2316 621 2358 ore
636 2299 766 2359 lactasti.

183 2384 315 2459 Quartus
330 2382 397 2442 dies
413 2389 478 2459 est,
500 2384 532 2440 in
548 2379 654 2441 schola
666 2390 828 2461 poetarum

182 2466 260 2526 Dum
275 2465 461 2544 fabulamur,
484 2464 607 2526 milibus
622 2465 730 2526 decem
746 2464 823 2526 dixti

162 2551 310 2630 5Emptas
324 2549 465 2610 lacernas
479 2569 587 2610 munus
604 2569 673 2610 esse
687 2549 881 2630 Pompullae,

183 2633 382 2714 Sardonycha
396 2653 500 2694 verum
514 2632 753 2714 lychnidemquc
768 2637 888 2696 ceriteu

181 2719 324 2798 Duasque
340 2718 456 2778 similes
469 2719 613 2778 fluctibus
628 2720 719 2778 maris
736 2737 869 2797 gemmas

182 2802 313 2864 Dedisse
328 2804 451 2863 Bassam
467 2801 663 2882 Caeliamque
677 2804 794 2863 iurasti.

181 2888 268 2947 Here
284 2887 323 2947 de
341 2889 480 2965 theatro,
502 2885 632 2946 Polione
649 2893 807 2965 cantante,

140 2972 259 3033 10Cum
274 2973 375 3032 subito
391 2972 509 3048 abires,
532 2968 602 3030 dum
618 2971 716 3049 iugis,
735 2970 933 3049 loquebaris,

184 3054 378 3114 Hereditatis
390 3055 448 3113 tibi
461 3059 604 3114 trecenta
617 3056 756 3133 venisse,

182 3139 225 3199 Et
239 3158 328 3197 mane
344 3145 482 3216 centum,
504 3144 576 3217 post
588 3138 750 3199 meridiem
767 3145 899 3199 centum.

185 3221 266 3299 Quid
279 3223 337 3282 tibi
352 3220 473 3282 sodales
488 3224 617 3283 fecimus
631 3221 702 3282 mali
716 3223 855 3283 tantum?

183 3307 340 3367 Miserere
354 3308 413 3366 iam
429 3306 563 3367 crudelis
579 3314 612 3368 et
625 3307 681 3367 sile
695 3305 829 3367 tandem.

144 3393 262 3469 15Aut,
284 3393 311 3451 si
325 3397 429 3452 tacere
443 3390 548 3471 lingua
563 3412 624 3452 non
639 3398 744 3471 potest
757 3393 831 3468 ista,

185 3474 359 3556 Aliquando
374 3496 481 3556 narra,
503 3475 585 3556 quod
598 3474 727 3537 velimus
744 3474 861 3538 audire,
882 3552 885 3559 ι
