2370 3924
348 220 773 285 EPIGRAMMATONLIB.
789 224 829 286 V.
1050 228 1112 292 115

153 376 257 437 Differ
273 392 365 453 opus,
387 391 445 432 nee
460 379 491 431 te
506 371 632 432 facundi
646 393 738 433 scena
753 376 867 438 Catulli

197 460 361 534 Detineat,
383 455 474 515 cultis
490 462 542 514 aut
556 457 656 534 elegia
671 459 780 532 comis;

129 543 224 606 5Sed
236 542 307 621 lege
322 540 442 600 fumoso
457 559 518 599 non
535 540 727 619 aspernanda
740 542 904 605 Decembri

75 634 78 639 '
199 627 357 703 Carmina,
380 625 542 683 mittuntur
560 642 636 701 quae
652 625 709 684 tibi
724 644 830 687 mense
845 647 910 691 suo.

152 708 352 773 Commodius
366 709 426 767 nisi
439 708 523 767 forte
538 709 596 766 tibi
609 709 773 787 potiusque
786 710 926 791 videtur,

197 791 417 854 Saturnalicias
432 790 584 870 perdere,
606 793 724 871 Varro,
745 813 849 860 nuces.

537 958 645 1021 XXXI.

151 1073 287 1152 Aspice,
309 1090 397 1150 quam
413 1068 542 1151 placidis
558 1070 688 1131 insultet
704 1074 795 1133 turba
808 1075 944 1154 iuvencis

195 1157 238 1217 Et
252 1174 306 1216 sua
321 1174 410 1232 qnam
424 1153 525 1215 facilis
538 1153 678 1233 pondera
691 1161 797 1217 taurus
814 1166 903 1222 amet.

151 1241 305 1303 Cornibus
319 1239 371 1298 hio
384 1237 503 1317 pendet
517 1241 660 1318 summis,
681 1259 774 1318 vagus
790 1243 840 1303 ille
860 1262 918 1322 per
933 1266 1033 1306 armos

197 1324 351 1385 cursitet
366 1323 400 1382 in
413 1328 480 1382 toto
496 1321 625 1382 ventilat
640 1344 722 1383 arma
736 1325 823 1386 bove.

124 1410 198 1473 orit
209 1406 319 1467 feritas
333 1406 459 1466 immota
473 1406 570 1485 riget:
591 1427 655 1466 non
670 1412 753 1467 esset
768 1409 883 1471 harena

196 1490 309 1551 Tutior
324 1496 357 1551 et
369 1495 516 1569 poterant
527 1486 642 1550 fallere
654 1489 747 1570 plana
757 1494 861 1570 magis.

147 1575 217 1638 Nea
231 1572 389 1653 trepidant
404 1581 527 1654 gestus,
550 1572 606 1633 sed
622 1572 661 1634 de
677 1573 852 1638 discrimine
868 1577 985 1657 palmae

200 1658 334 1719 Securus
347 1676 425 1737 puer
440 1663 504 1735 est,
528 1655 757 1735 sollicitumque
770 1678 874 1739 pecus.

527 1823 649 1886 XXXil.

147 1949 360 2030 Quadrantem
378 1951 507 2030 Crispus
522 1951 652 2031 tabulis,
672 1953 836 2033 Faustine,
859 1958 1010 2035 supremis

193 2034 262 2096 Non
279 2033 367 2096 dedit
380 2035 477 2096 uxori.
509 2036 589 2114 „Cui
604 2034 693 2097 dedit
705 2055 780 2116 ergo
787 2038 825 2096 ’.Μ
853 2038 927 2100 Sibi.

520 2202 655 2265 XXXIII.

146 2337 288 2414 Carpere
303 2330 474 2394 causidicus
487 2333 590 2394 fertur
604 2353 672 2394 mea
686 2337 834 2395 carmina:
857 2336 928 2415 quis
939 2338 996 2416 sit,

193 2418 321 2479 Nescior
343 2416 504 2497 staoiero,
521 2437 576 2478 vae
592 2420 668 2498 tibi,
689 2418 853 2482 causidico.

517 2579 654 2644 XXXIV.

145 2709 237 2769 Hane
258 2709 333 2788 tibi,
353 2708 473 2771 Fronto
493 2717 600 2790 pater,
623 2711 765 2788 genetrix
786 2708 953 2790 Flaccilla,
973 2709 1108 2792 puellam
1168 2772 1170 2777 .

192 2790 306 2852 Oscula
322 2792 502 2854 commendo
518 2792 708 2872 deliciasque
725 2812 825 2872 meas,

145 2874 278 2938 Parvula
293 2894 333 2937 ne
350 2878 454 2957 nigras
469 2879 632 2938 horrescat
644 2877 775 2937 Erotion
790 2877 913 2938 umbras

191 2959 315 3038 Oraque
330 2960 476 3023 Tartarei
489 2960 668 3041 prodigiosa
686 2962 780 3025 canis.
868 2983 870 2987 ·

121 3042 317 3123 iimpletura
333 3045 395 3106 snit
409 3052 513 3106 sextae
528 3044 619 3106 modo
634 3046 753 3124 frigora
770 3047 913 3126 brumae,

189 3127 330 3191 Vixisset
342 3128 474 3189 totidem
489 3131 521 3189 ni
536 3131 636 3190 minus
652 3127 709 3189 illa
724 3129 800 3192 dies.

144 3212 232 3272 Inter
246 3218 309 3272 tam
323 3217 449 3274 veteres
462 3211 551 3275 ludat
563 3213 677 3274 lasciva
691 3219 838 3293 patronos

189 3296 232 3356 Et
246 3314 360 3356 nomen
375 3294 482 3359 blaeso
498 3299 614 3376 garriat
631 3316 686 3358 ore
701 3316 810 3358 meum.

144 3376 259 3442 Mollia
272 3398 336 3440 non
349 3380 468 3460 rigidus
484 3400 593 3461 cespes
609 3387 694 3459 tegat
710 3400 796 3459 ossa,
817 3377 954 3462 necilli,

99 3474 138 3529 lo
187 3463 305 3543 Terra,
326 3466 427 3544 gravis
441 3466 555 3558 fueris:
577 3485 638 3525 non
653 3466 713 3525 fuit
727 3463 782 3525 illa
795 3465 909 3614 dmg*
