2370 3924
435 251 479 313 M.
495 248 588 313 vlu.
603 246 829 312 MARTldLlS

198 406 232 467 lu
248 425 307 485 qua
320 412 383 465 tam
396 400 528 463 similem
540 400 661 463 videbis
675 401 785 482 lusam,

156 490 241 553 aoUt
256 490 297 550 rit
310 493 373 548 tum
387 485 494 549 ssimili
509 486 568 547 sibi
580 505 640 546 nec
654 487 729 566 ipsa.

198 574 292 635 issam
307 573 441 652 denique
457 589 539 651 pone
554 590 622 629 cum
637 568 769 630 tabella:

198 659 261 719 Aut
274 664 435 736 utramque
448 654 571 735 putabis
586 671 656 714 esse
669 671 790 733 veram,

198 742 262 802 Aut
276 747 437 822 utramque
451 739 574 819 putabis
590 756 659 798 esse
671 740 794 819 pictam.

607 872 670 934 ΟΧ.

200 987 346 1050 Scribere
362 1004 411 1047 me
428 987 587 1066 quereris,
606 983 725 1064 Velox,
748 985 967 1066 epigrammata
978 982 1085 1066 longa.

240 1071 309 1152 lpse
324 1068 404 1132 nihil
416 1071 540 1131 scribis:
560 1075 594 1130 tu
607 1070 749 1130 breviora
763 1069 849 1132 facis.

561 1256 564 1261 .
600 1204 677 1265 cxl.

200 1317 277 1380 Gum
290 1318 349 1377 tibi
367 1318 409 1377 sit
422 1317 548 1399 sophiae
563 1336 619 1396 por
633 1317 713 1376 fama
728 1322 761 1377 et
775 1336 848 1376 cura
860 1315 1016 1397 laborum,

241 1401 368 1480 Ingenio
382 1402 483 1481 pietas
497 1419 556 1461 uec
570 1401 671 1461 minor
684 1403 751 1482 ipsa
770 1420 840 1461 suo:

199 1486 325 1566 Ignorat
337 1486 458 1546 meritis
476 1485 551 1546 dare
565 1503 708 1562 munera,
731 1486 784 1563 qui
797 1484 856 1545 tibi
869 1481 983 1546 librum

240 1571 283 1633 Et
298 1571 350 1649 qui
363 1570 508 1650 miratur,
529 1566 664 1648 Regulo,
683 1575 753 1630 tura
767 1567 855 1649 dari.-

585 1703 676 1764 oxu.
692 1772 695 1778 ,

200 1816 277 1875 curu
291 1822 324 1874 te
337 1834 401 1874 uon
413 1833 552 1892 nossem,
572 1813 726 1874 dominum
741 1832 909 1894 regemque
921 1815 1084 1876 vocabam:

241 1897 329 1958 Nunc
342 1901 424 1960 bene
437 1905 470 1960 te
486 1900 571 1960 novi:
592 1899 651 1957 iam
668 1899 743 1958 mihi
758 1899 882 1959 Priscus
896 1901 968 1961 eris.

584 2011 687 2072 GXlll.

201 2109 411 2191 Quaecunque
425 2106 488 2168 lusi
501 2109 620 2169 iuvenis
634 2115 667 2169 et
681 2127 759 2189 puer
774 2108 927 2188 quondam

92 2192 96 2200 '
200 2192 378 2274 Apinasque
392 2198 529 2271 nostras,
553 2213 627 2271 quas
640 2211 699 2253 nec
713 2193 781 2274 ipse
795 2194 856 2253 iam
869 2194 955 2273 novi,

200 2276 286 2338 Male
303 2274 459 2338 collocare
478 2277 504 2336 si
517 2278 613 2338 bonos
627 2275 714 2338 voles
729 2277 822 2336 horas

199 2361 242 2421 Et
255 2358 408 2421 invidebis
424 2361 486 2420 otio
503 2366 574 2438 tuo,
593 2359 711 2438 lector,

178 2446 228 2506 5A
242 2443 409 2507 Valeriano
424 2442 514 2504 Polio
528 2450 623 2525 petes
635 2445 766 2522 Quinto,

199 2529 262 2588 Per
277 2547 368 2608 quem
381 2529 488 2609 perire
502 2546 563 2587 non
578 2525 655 2588 licet
668 2529 745 2589 meis
759 2528 857 2606 nugis.

583 2661 688 2725 cxiv.

198 2776 265 2837 Hos
279 2777 337 2838 tibi
350 2776 485 2857 viciuos,
502 2777 667 2857 Faustiue,
690 2776 904 2859 Telesphorus
919 2778 1029 2838 hortos

241 2861 374 2921 Faenius
391 2867 424 2922 et
438 2862 532 2922 breve
550 2882 604 2923 rus
618 2861 740 2943 udaque
754 2867 843 2943 prata
856 2868 954 2926 tenet.

200 2943 348 3004 condidit
362 2945 414 3005 hic
428 2951 518 3004 natae
533 2947 655 3006 cineres
669 2965 845 3026 nomenque
860 2946 991 3007 sacravit

242 3025 332 3103 Quod
343 3025 424 3106 legis
439 3027 600 3108 Antullae,
619 3029 742 3108 dignior
755 3032 823 3111 ipse
837 3028 909 3110 legi.

178 3108 251 3172 ond
269 3110 390 3190 Stygias
406 3129 535 3190 aequum
550 3112 654 3173 iuerat
667 3119 758 3193 pater
772 3115 850 3175 isset
863 3121 898 3175 ut
914 3115 1054 3176 umbras:

242 3194 331 3271 Quod
346 3196 417 3275 quia
430 3214 492 3255 non
505 3193 610 3275 licuit,
629 3198 726 3277 vivat,
745 3204 780 3259 ut
794 3218 863 3259 ossa
877 3196 967 3260 colat.

589 3309 682 3375 CXV.

154 3419 158 3428 ·
199 3402 356 3481 Quaedam
369 3425 418 3467 me
433 3409 534 3489 cupit,
552 3409 656 3471 invide
670 3408 822 3488 Procille,

197 3487 276 3549 Loto
292 3488 450 3552 candidior
464 3491 569 3573 puella
585 3512 699 3579 cygno,
