2370 3924
893 84 915 119 ib

341 208 679 271 EPIGRAMMA'FON
692 211 767 275 LIB.
783 210 804 273 l.
927 286 930 290 ⁴
1057 212 1097 282 ll

113 365 220 425 onata
235 362 320 422 iores
335 367 467 422 stantem
484 360 605 422 dubitas
621 360 786 423 admittere
801 364 924 425 Famam

179 447 291 529 Teque
307 447 395 527 pigot
412 464 504 506 curae
519 446 656 526 praemla
670 445 757 506 ferre
773 448 867 508 tuae?

134 532 213 592 Post
225 541 257 589 te
275 530 412 590 victurae
426 548 484 609 per
498 534 531 589 te
547 547 669 609 quoque
683 531 788 590 vivere
804 532 930 594 chartae
1035 607 1039 612 ¹

179 615 346 696 Incipiunt:
369 614 467 673 cineri
483 611 584 692 gloria
599 631 669 673 sera
683 615 777 674 venit.

520 725 628 790 XXVI.

137 821 327 901 Sextiliane,
349 824 429 884 bibis
445 827 590 902 quantum
599 821 750 898 subsellia
766 826 902 905 quiuque

180 907 290 969 Solus:
311 925 388 984 aqua
401 907 517 967 totiens
533 908 638 967 ebrius
653 924 723 967 esse
737 918 844 988 potes;

135 992 201 1052 Nec
216 1009 433 1052 consessorum
447 991 547 1050 vicina
560 992 741 1051 nomismata
753 997 887 1072 tantum,

178 1076 261 1136 Aera
275 1072 332 1135 sed
347 1094 365 1133 a
379 1074 484 1134 cuneis
499 1072 651 1134 ulteriora
664 1076 754 1137 bibis.

113 1159 205 1222 5Non
220 1157 449 1236 baeoPelignis
463 1158 564 1238 agitur
577 1156 731 1219 vindemia
747 1159 861 1239 praelis

178 1243 245 1305 Uva
258 1261 317 1302 neo
332 1243 363 1303 in
380 1241 491 1302 'Fascis
505 1243 643 1303 nascitur
659 1243 718 1303 ista
733 1244 828 1323 iugis,

136 1327 234 1388 'Festa
248 1324 304 1386 sed
319 1327 437 1406 antiqui
451 1325 527 1386 felix
545 1327 678 1387 siccatur
693 1327 812 1407 Opimi,

176 1411 286 1490 Egerit
300 1417 334 1470 et
345 1411 452 1489 nigros
466 1410 600 1470 Massica
611 1408 693 1470 cella
707 1410 810 1471 cados.

134 1497 159 1558 A
178 1513 297 1575 copone
312 1495 370 1554 tibi
386 1495 457 1554 faex
470 1492 618 1553 Laletana
634 1499 776 1574 petatur,

91 1592 126 1644 10
177 1579 210 1639 Si
226 1576 296 1659 plus
314 1598 403 1658 quam
419 1577 563 1655 deciens,
585 1576 771 1657 Sextilium,
793 1579 883 1640 bibis.

510 1688 633 1750 XXVll.

134 1791 292 1851 llesterua
305 1791 364 1851 tibi
377 1795 470 1850 noete
486 1788 675 1868 dixeramus,

135 1876 330 1952 Quincunces
345 1881 420 1955 puto
435 1879 508 1954 post
522 1870 629 1933 decem
645 1880 807 1954 peractos,

135 1961 273 2020 Cenares
289 1956 400 2036 hodie,
421 1955 574 2035 Procille,
597 1976 726 2020 mecum.

136 2043 187 2104 'l'u
204 2043 315 2103 factam
331 2042 388 2102 tibi
405 2060 471 2101 rem
487 2042 590 2102 statim
602 2043 720 2122 putasti

109 2128 178 2190 aut
191 2145 254 2186 uon
268 2127 372 2187 sobria
385 2126 480 2187 verba
493 2125 666 2186 subnotasti
778 2150 790 2169 ·

132 2208 284 2292 Exemplo
301 2211 426 2270 nimium
440 2208 632 2289 periculoso:

133 2295 236 2356 Monoi
253 2285 407 2373 μνάμονα
423 2285 614 2371 συμπόταν,
636 2289 783 2353 Procilla.

502 2426 638 2490 XXVlll.

131 2540 290 2600 Hesterno
304 2540 407 2602 fetere
423 2557 509 2599 mero
528 2541 581 2619 qui
595 2537 697 2599 credit
711 2538 874 2618 Acerram,

175 2622 326 2695 Fallitur:
347 2626 380 2684 in
394 2621 495 2684 lucem
510 2641 634 2703 semper
650 2622 770 2683 Acerra
785 2623 872 2686 bibit.

517 2757 627 2819 XXIX.

132 2869 227 2930 Fama
241 2871 343 2931 refert
357 2877 480 2930 nostros
496 2875 545 2947 te,
560 2868 744 2946 Fidentine,
764 2866 890 2929 libellos

175 2953 244 3014 Nou
260 2954 352 3015 aliter
365 2951 481 3036 populo
498 2972 587 3033 quam
602 2953 737 3013 recitare
752 2959 831 3013 tuos.
1014 2969 1030 3012 a

133 3036 167 3097 Si
182 3056 251 3098 mea
264 3040 310 3099 vis
326 3037 404 3116 dici,
424 3039 520 3116 gratis
535 3038 593 3098 tibi
607 3037 741 3099 carmina
755 3038 887 3097 mittama

176 3120 210 3182 Si
227 3121 290 3183 dici
304 3130 357 3183 tua
371 3124 435 3200 vis,
456 3141 512 3200 eu,
534 3141 621 3200 eme,
643 3139 766 3182 nemea
780 3123 852 3184 sint.
982 3164 985 3187 ,

525 3255 620 3318 XXX.

133 3369 304 3450 Chirurgus
321 3370 440 3448 iuerat,
461 3389 542 3430 nuuc
558 3376 607 3431 est
620 3367 744 3450 vispillo
759 3369 906 3435 Diaulua.·

178 3455 291 3537 Coepit
309 3473 367 3533 quo
382 3461 506 3535 poterat
520 3453 649 3515 clinicus
666 3472 735 3516 esse
749 3453 851 3516 modo.

89 3537 200 3599 Mara.
877 3539 904 3604 (λ
