<?xml version="1.0" encoding="UTF-8"?>
<!DOCTYPE html PUBLIC "-//W3C//DTD XHTML 1.0 Transitional//EN"
    "http://www.w3.org/TR/xhtml1/DTD/xhtml1-transitional.dtd">
<html xmlns="http://www.w3.org/1999/xhtml" xml:lang="en" lang="en">
 <head>
  <title>
</title>
<meta http-equiv="Content-Type" content="text/html;charset=utf-8" />
  <meta name='ocr-system' content='tesseract 3.04.00' />
  <meta name='ocr-capabilities' content='ocr_page ocr_carea ocr_par ocr_line ocrx_word'/>
</head>
<body>
  <div class='ocr_page' id='page_1' title='image "./epigrammatonlib02martgoog_0213.png"; bbox 0 0 2370 3924; ppageno 0'>
   <div class='ocr_carea' id='block_1_1' title="bbox 90 246 805 320">
    <p class='ocr_par' dir='ltr' id='par_1_1' title="bbox 90 246 805 320">
     <span class='ocr_line' id='line_1_1' title="bbox 90 246 805 320; baseline -0.015 -1"><span class='ocrx_word' id='word_1_1' title='bbox 90 253 152 320; x_wconf 73' lang='lat' dir='ltr'><strong>lto</strong></span> <span class='ocrx_word' id='word_1_2' title='bbox 411 250 456 315; x_wconf 87' lang='grc' dir='ltr'><strong>Μ.</strong></span> <span class='ocrx_word' id='word_1_3' title='bbox 472 248 564 312; x_wconf 80' lang='lat' dir='ltr'><strong>VAL.</strong></span> <span class='ocrx_word' id='word_1_4' title='bbox 579 246 805 311; x_wconf 80' lang='lat' dir='ltr'><strong>MARTIALIS</strong></span> 
     </span>
    </p>
   </div>
   <div class='ocr_carea' id='block_1_2' title="bbox 61 398 1080 1488">
    <p class='ocr_par' dir='ltr' id='par_1_2' title="bbox 152 398 919 566">
     <span class='ocr_line' id='line_1_2' title="bbox 152 398 761 480; baseline -0.011 -11"><span class='ocrx_word' id='word_1_5' title='bbox 152 406 218 470; x_wconf 75' lang='lat' dir='ltr'><strong>out</strong></span> <span class='ocrx_word' id='word_1_6' title='bbox 232 420 321 465; x_wconf 86' lang='lat' dir='ltr'><strong>mane</strong></span> <span class='ocrx_word' id='word_1_7' title='bbox 335 398 427 461; x_wconf 85' lang='lat' dir='ltr'><strong>sudas</strong></span> <span class='ocrx_word' id='word_1_8' title='bbox 440 403 526 461; x_wconf 80' lang='lat' dir='ltr'><strong>urbis</strong></span> <span class='ocrx_word' id='word_1_9' title='bbox 542 400 656 462; x_wconf 86' lang='lat' dir='ltr'><strong>osculis</strong></span> <span class='ocrx_word' id='word_1_10' title='bbox 667 400 761 480; x_wconf 85' lang='lat' dir='ltr'><strong>udus,</strong></span> 
     </span>
     <span class='ocr_line' id='line_1_3' title="bbox 176 484 919 566; baseline -0.005 -16"><span class='ocrx_word' id='word_1_11' title='bbox 176 490 323 566; x_wconf 82' lang='lat' dir='ltr'><strong>Foroque</strong></span> <span class='ocrx_word' id='word_1_12' title='bbox 337 484 456 565; x_wconf 91' lang='lat' dir='ltr'><strong>triplici</strong></span> <span class='ocrx_word' id='word_1_13' title='bbox 471 505 594 565; x_wconf 79' lang='lat' dir='ltr'><strong>sparsus</strong></span> <span class='ocrx_word' id='word_1_14' title='bbox 610 491 680 546; x_wconf 85' lang='lat' dir='ltr'><strong>ante</strong></span> <span class='ocrx_word' id='word_1_15' title='bbox 699 504 795 563; x_wconf 90' lang='lat' dir='ltr'><strong>equos</strong></span> <span class='ocrx_word' id='word_1_16' title='bbox 810 504 919 547; x_wconf 87' lang='lat' dir='ltr'><strong>omnes</strong></span> 
     </span>
    </p>

    <p class='ocr_par' dir='ltr' id='par_1_3' title="bbox 61 567 1080 820">
     <span class='ocr_line' id='line_1_4' title="bbox 61 567 846 650; baseline -0.005 -17"><span class='ocrx_word' id='word_1_17' title='bbox 61 640 65 647; x_wconf 52' lang='grc'>,</span> <span class='ocrx_word' id='word_1_18' title='bbox 173 571 354 650; x_wconf 80' lang='lat' dir='ltr'><strong>Aedemque</strong></span> <span class='ocrx_word' id='word_1_19' title='bbox 368 570 480 630; x_wconf 86' lang='lat' dir='ltr'><strong>Martis</strong></span> <span class='ocrx_word' id='word_1_20' title='bbox 496 577 529 629; x_wconf 90' lang='lat' dir='ltr'><strong>et</strong></span> <span class='ocrx_word' id='word_1_21' title='bbox 543 567 685 629; x_wconf 90' lang='lat' dir='ltr'><strong>colosson</strong></span> <span class='ocrx_word' id='word_1_22' title='bbox 699 570 846 647; x_wconf 81' lang='lat' dir='ltr'><strong>Augusti,</strong></span> 
     </span>
     <span class='ocr_line' id='line_1_5' title="bbox 176 653 873 735; baseline 0.001 -18"><span class='ocrx_word' id='word_1_23' title='bbox 176 657 284 717; x_wconf 86' lang='lat' dir='ltr'><strong>Curris</strong></span> <span class='ocrx_word' id='word_1_24' title='bbox 298 672 357 735; x_wconf 93' lang='lat' dir='ltr'><strong>per</strong></span> <span class='ocrx_word' id='word_1_25' title='bbox 372 671 477 714; x_wconf 90' lang='lat' dir='ltr'><strong>omnes</strong></span> <span class='ocrx_word' id='word_1_26' title='bbox 491 656 662 732; x_wconf 78' lang='lat' dir='ltr'><strong>tertiasque</strong></span> <span class='ocrx_word' id='word_1_27' title='bbox 678 653 873 733; x_wconf 76' lang='lat' dir='ltr'><strong>quintusque.</strong></span> 
     </span>
     <span class='ocr_line' id='line_1_6' title="bbox 174 736 1080 820; baseline 0 -19"><span class='ocrx_word' id='word_1_28' title='bbox 174 742 277 820; x_wconf 86' lang='lat' dir='ltr'><strong>Rape,</strong></span> <span class='ocrx_word' id='word_1_29' title='bbox 298 756 449 816; x_wconf 83' lang='lat' dir='ltr'><strong>congere,</strong></span> <span class='ocrx_word' id='word_1_30' title='bbox 470 737 575 814; x_wconf 78' lang='lat' dir='ltr'><strong>aufer,</strong></span> <span class='ocrx_word' id='word_1_31' title='bbox 596 736 738 817; x_wconf 79' lang='lat' dir='ltr'><strong>posside:</strong></span> <span class='ocrx_word' id='word_1_32' title='bbox 759 736 1008 818; x_wconf 87' lang='lat' dir='ltr'><strong>relinquendum</strong></span> <span class='ocrx_word' id='word_1_33' title='bbox 1022 746 1080 801; x_wconf 81' lang='lat' dir='ltr'><strong>cst.</strong></span> 
     </span>
    </p>

    <p class='ocr_par' dir='ltr' id='par_1_4' title="bbox 134 819 900 1237">
     <span class='ocr_line' id='line_1_7' title="bbox 134 819 811 904; baseline -0.012 -16"><span class='ocrx_word' id='word_1_34' title='bbox 134 836 168 888; x_wconf 90' lang='lat'><strong>10</strong></span> <span class='ocrx_word' id='word_1_35' title='bbox 176 825 316 904; x_wconf 89' lang='lat' dir='ltr'><strong>Superba</strong></span> <span class='ocrx_word' id='word_1_36' title='bbox 329 821 433 881; x_wconf 89' lang='lat' dir='ltr'><strong>densis</strong></span> <span class='ocrx_word' id='word_1_37' title='bbox 449 841 518 881; x_wconf 89' lang='lat' dir='ltr'><strong>arca</strong></span> <span class='ocrx_word' id='word_1_38' title='bbox 531 819 648 902; x_wconf 91' lang='lat' dir='ltr'><strong>palleat</strong></span> <span class='ocrx_word' id='word_1_39' title='bbox 664 822 811 899; x_wconf 89' lang='lat' dir='ltr'><strong>nummis,</strong></span> 
     </span>
     <span class='ocr_line' id='line_1_8' title="bbox 176 903 900 986; baseline -0.006 -17"><span class='ocrx_word' id='word_1_40' title='bbox 176 910 306 969; x_wconf 80' lang='lat' dir='ltr'><strong>Centum</strong></span> <span class='ocrx_word' id='word_1_41' title='bbox 323 903 517 985; x_wconf 79' lang='lat' dir='ltr'><strong>explicentur</strong></span> <span class='ocrx_word' id='word_1_42' title='bbox 528 906 658 986; x_wconf 85' lang='lat' dir='ltr'><strong>paginae</strong></span> <span class='ocrx_word' id='word_1_43' title='bbox 672 903 881 966; x_wconf 72' lang='lat' dir='ltr'><strong>Kalendarum</strong></span> <span class='ocrx_word' id='word_1_44' title='bbox 891 954 900 985; x_wconf 77' lang='lat'><em>,</em></span> 
     </span>
     <span class='ocr_line' id='line_1_9' title="bbox 176 987 849 1069; baseline -0.003 -18"><span class='ocrx_word' id='word_1_45' title='bbox 176 991 293 1052; x_wconf 90' lang='lat' dir='ltr'><strong>Iurabit</strong></span> <span class='ocrx_word' id='word_1_46' title='bbox 306 991 418 1066; x_wconf 86' lang='lat' dir='ltr'><strong>heres,</strong></span> <span class='ocrx_word' id='word_1_47' title='bbox 439 996 472 1049; x_wconf 91' lang='lat' dir='ltr'><strong>te</strong></span> <span class='ocrx_word' id='word_1_48' title='bbox 485 987 566 1049; x_wconf 89' lang='lat' dir='ltr'><strong>nihil</strong></span> <span class='ocrx_word' id='word_1_49' title='bbox 580 987 761 1069; x_wconf 76' lang='lat' dir='ltr'><strong>reliquisse,</strong></span> <span class='ocrx_word' id='word_1_50' title='bbox 846 1006 849 1011; x_wconf 88' lang='lat'><strong>·</strong></span> 
     </span>
     <span class='ocr_line' id='line_1_10' title="bbox 176 1071 873 1154; baseline -0.006 -18"><span class='ocrx_word' id='word_1_51' title='bbox 176 1077 336 1154; x_wconf 85' lang='lat' dir='ltr'><strong>Supraque</strong></span> <span class='ocrx_word' id='word_1_52' title='bbox 349 1071 488 1153; x_wconf 88' lang='lat' dir='ltr'><strong>pluteum</strong></span> <span class='ocrx_word' id='word_1_53' title='bbox 501 1079 534 1133; x_wconf 94' lang='lat' dir='ltr'><strong>te</strong></span> <span class='ocrx_word' id='word_1_54' title='bbox 549 1076 671 1133; x_wconf 88' lang='lat' dir='ltr'><strong>iacente</strong></span> <span class='ocrx_word' id='word_1_55' title='bbox 690 1072 740 1133; x_wconf 83' lang='lat' dir='ltr'><strong>rel</strong></span> <span class='ocrx_word' id='word_1_56' title='bbox 753 1092 873 1152; x_wconf 82' lang='lat' dir='ltr'><strong>saxam,</strong></span> 
     </span>
     <span class='ocr_line' id='line_1_11' title="bbox 175 1156 826 1237; baseline -0.005 -18"><span class='ocrx_word' id='word_1_57' title='bbox 175 1159 287 1220; x_wconf 85' lang='lat' dir='ltr'><strong>Fartus</strong></span> <span class='ocrx_word' id='word_1_58' title='bbox 302 1176 420 1237; x_wconf 84' lang='lat' dir='ltr'><strong>papyro</strong></span> <span class='ocrx_word' id='word_1_59' title='bbox 436 1156 507 1216; x_wconf 92' lang='lat' dir='ltr'><strong>dum</strong></span> <span class='ocrx_word' id='word_1_60' title='bbox 521 1158 580 1217; x_wconf 92' lang='lat' dir='ltr'><strong>tibi</strong></span> <span class='ocrx_word' id='word_1_61' title='bbox 594 1163 682 1217; x_wconf 92' lang='lat' dir='ltr'><strong>torus</strong></span> <span class='ocrx_word' id='word_1_62' title='bbox 697 1158 826 1236; x_wconf 87' lang='lat' dir='ltr'><strong>crescit,</strong></span> 
     </span>
    </p>

    <p class='ocr_par' dir='ltr' id='par_1_5' title="bbox 134 1242 820 1488">
     <span class='ocr_line' id='line_1_12' title="bbox 134 1242 807 1321; baseline -0.009 -15"><span class='ocrx_word' id='word_1_63' title='bbox 134 1253 167 1306; x_wconf 81' lang='lat'><strong>15</strong></span> <span class='ocrx_word' id='word_1_64' title='bbox 175 1242 304 1304; x_wconf 81' lang='lat' dir='ltr'><strong>Flentes</strong></span> <span class='ocrx_word' id='word_1_65' title='bbox 320 1242 471 1321; x_wconf 89' lang='lat' dir='ltr'><strong>superbus</strong></span> <span class='ocrx_word' id='word_1_66' title='bbox 486 1242 617 1302; x_wconf 89' lang='lat' dir='ltr'><strong>basiabit</strong></span> <span class='ocrx_word' id='word_1_67' title='bbox 633 1243 807 1316; x_wconf 78' lang='lat' dir='ltr'><strong>eunuchos3</strong></span> 
     </span>
     <span class='ocr_line' id='line_1_13' title="bbox 177 1322 749 1405; baseline -0.005 -18"><span class='ocrx_word' id='word_1_68' title='bbox 177 1328 308 1405; x_wconf 89' lang='lat' dir='ltr'><strong>Tuoque</strong></span> <span class='ocrx_word' id='word_1_69' title='bbox 323 1326 422 1386; x_wconf 91' lang='lat' dir='ltr'><strong>tristis</strong></span> <span class='ocrx_word' id='word_1_70' title='bbox 436 1324 535 1402; x_wconf 85' lang='lat' dir='ltr'><strong>filius,</strong></span> <span class='ocrx_word' id='word_1_71' title='bbox 557 1322 636 1386; x_wconf 86' lang='lat' dir='ltr'><strong>velis</strong></span> <span class='ocrx_word' id='word_1_72' title='bbox 650 1323 749 1403; x_wconf 91' lang='lat' dir='ltr'><strong>nolis,</strong></span> 
     </span>
     <span class='ocr_line' id='line_1_14' title="bbox 176 1408 820 1488; baseline -0.003 -17"><span class='ocrx_word' id='word_1_73' title='bbox 176 1413 253 1472; x_wconf 77' lang='lat' dir='ltr'><strong>(lum</strong></span> <span class='ocrx_word' id='word_1_74' title='bbox 269 1411 439 1470; x_wconf 91' lang='lat' dir='ltr'><strong>concubino</strong></span> <span class='ocrx_word' id='word_1_75' title='bbox 455 1414 547 1469; x_wconf 88' lang='lat' dir='ltr'><strong>noete</strong></span> <span class='ocrx_word' id='word_1_76' title='bbox 563 1408 698 1469; x_wconf 90' lang='lat' dir='ltr'><strong>dormiet</strong></span> <span class='ocrx_word' id='word_1_77' title='bbox 711 1410 820 1488; x_wconf 87' lang='lat' dir='ltr'><strong>prima.</strong></span> 
     </span>
    </p>
   </div>
   <div class='ocr_carea' id='block_1_3' title="bbox 559 1568 653 1631">
    <p class='ocr_par' dir='ltr' id='par_1_6' title="bbox 559 1568 653 1631">
     <span class='ocr_line' id='line_1_15' title="bbox 559 1568 653 1631; baseline -0.011 -2"><span class='ocrx_word' id='word_1_78' title='bbox 559 1568 653 1631; x_wconf 87' lang='lat' dir='ltr'><strong>XLV.</strong></span> 
     </span>
    </p>
   </div>
   <div class='ocr_carea' id='block_1_4' title="bbox 154 1678 1054 2333">
    <p class='ocr_par' dir='ltr' id='par_1_7' title="bbox 154 1678 1054 2333">
     <span class='ocr_line' id='line_1_16' title="bbox 174 1678 1054 1759; baseline 0.005 -20"><span class='ocrx_word' id='word_1_79' title='bbox 174 1679 299 1740; x_wconf 87' lang='lat' dir='ltr'><strong>Priscus</strong></span> <span class='ocrx_word' id='word_1_80' title='bbox 315 1681 351 1739; x_wconf 92' lang='lat' dir='ltr'><strong>ab</strong></span> <span class='ocrx_word' id='word_1_81' title='bbox 368 1680 514 1742; x_wconf 85' lang='lat' dir='ltr'><strong>Aetnaeis</strong></span> <span class='ocrx_word' id='word_1_82' title='bbox 528 1682 619 1759; x_wconf 88' lang='lat' dir='ltr'><strong>mihi,</strong></span> <span class='ocrx_word' id='word_1_83' title='bbox 641 1679 770 1757; x_wconf 82' lang='lat' dir='ltr'><strong>Flaece,</strong></span> <span class='ocrx_word' id='word_1_84' title='bbox 794 1678 970 1740; x_wconf 84' lang='lat' dir='ltr'><strong>Terentius</strong></span> <span class='ocrx_word' id='word_1_85' title='bbox 987 1683 1054 1743; x_wconf 92' lang='lat' dir='ltr'><strong>oris</strong></span> 
     </span>
     <span class='ocr_line' id='line_1_17' title="bbox 216 1762 966 1842; baseline 0.004 -20"><span class='ocrx_word' id='word_1_86' title='bbox 216 1762 385 1823; x_wconf 88' lang='lat' dir='ltr'><strong>Redditur:</strong></span> <span class='ocrx_word' id='word_1_87' title='bbox 404 1765 483 1824; x_wconf 90' lang='lat' dir='ltr'><strong>hanc</strong></span> <span class='ocrx_word' id='word_1_88' title='bbox 497 1763 596 1825; x_wconf 91' lang='lat' dir='ltr'><strong>lucem</strong></span> <span class='ocrx_word' id='word_1_89' title='bbox 612 1763 714 1825; x_wconf 87' lang='lat' dir='ltr'><strong>lactea</strong></span> <span class='ocrx_word' id='word_1_90' title='bbox 731 1783 849 1842; x_wconf 88' lang='lat' dir='ltr'><strong>gemma</strong></span> <span class='ocrx_word' id='word_1_91' title='bbox 862 1770 966 1825; x_wconf 87' lang='lat' dir='ltr'><strong>notet.</strong></span> 
     </span>
     <span class='ocr_line' id='line_1_18' title="bbox 175 1846 877 1927; baseline 0.001 -22"><span class='ocrx_word' id='word_1_92' title='bbox 175 1847 298 1906; x_wconf 86' lang='lat' dir='ltr'><strong>Defluat</strong></span> <span class='ocrx_word' id='word_1_93' title='bbox 313 1855 346 1907; x_wconf 91' lang='lat' dir='ltr'><strong>et</strong></span> <span class='ocrx_word' id='word_1_94' title='bbox 358 1846 444 1907; x_wconf 87' lang='lat' dir='ltr'><strong>lento</strong></span> <span class='ocrx_word' id='word_1_95' title='bbox 460 1847 659 1927; x_wconf 88' lang='lat' dir='ltr'><strong>splendescat</strong></span> <span class='ocrx_word' id='word_1_96' title='bbox 672 1846 796 1908; x_wconf 93' lang='lat' dir='ltr'><strong>turbida</strong></span> <span class='ocrx_word' id='word_1_97' title='bbox 811 1846 877 1907; x_wconf 90' lang='lat' dir='ltr'><strong>Iino</strong></span> 
     </span>
     <span class='ocr_line' id='line_1_19' title="bbox 217 1931 883 2009; baseline 0.006 -21"><span class='ocrx_word' id='word_1_98' title='bbox 217 1931 375 2009; x_wconf 78' lang='lat' dir='ltr'><strong>Amphora</strong></span> <span class='ocrx_word' id='word_1_99' title='bbox 389 1937 521 1992; x_wconf 90' lang='lat' dir='ltr'><strong>centeno</strong></span> <span class='ocrx_word' id='word_1_100' title='bbox 537 1932 663 1993; x_wconf 90' lang='lat' dir='ltr'><strong>consule</strong></span> <span class='ocrx_word' id='word_1_101' title='bbox 678 1933 759 1992; x_wconf 81' lang='lat' dir='ltr'><strong>fucta</strong></span> <span class='ocrx_word' id='word_1_102' title='bbox 774 1933 883 1992; x_wconf 89' lang='lat' dir='ltr'><strong>minor.</strong></span> 
     </span>
     <span class='ocr_line' id='line_1_20' title="bbox 154 2015 1037 2094; baseline -0.001 -18"><span class='ocrx_word' id='word_1_103' title='bbox 154 2015 347 2092; x_wconf 75' lang='lat' dir='ltr'><strong>bcoutinget</strong></span> <span class='ocrx_word' id='word_1_104' title='bbox 362 2035 421 2074; x_wconf 84' lang='lat' dir='ltr'><strong>nox</strong></span> <span class='ocrx_word' id='word_1_105' title='bbox 440 2015 560 2094; x_wconf 89' lang='lat' dir='ltr'><strong>qnando</strong></span> <span class='ocrx_word' id='word_1_106' title='bbox 575 2019 652 2077; x_wconf 81' lang='lat' dir='ltr'><strong>meis</strong></span> <span class='ocrx_word' id='word_1_107' title='bbox 666 2023 728 2076; x_wconf 89' lang='lat' dir='ltr'><strong>tam</strong></span> <span class='ocrx_word' id='word_1_108' title='bbox 745 2015 874 2076; x_wconf 92' lang='lat' dir='ltr'><strong>candida</strong></span> <span class='ocrx_word' id='word_1_109' title='bbox 889 2017 1037 2077; x_wconf 75' lang='lat' dir='ltr'><strong>mensis?</strong></span> 
     </span>
     <span class='ocr_line' id='line_1_21' title="bbox 220 2098 909 2180; baseline 0.003 -24"><span class='ocrx_word' id='word_1_110' title='bbox 220 2098 297 2156; x_wconf 84' lang='lat' dir='ltr'><strong>&#39;Iam</strong></span> <span class='ocrx_word' id='word_1_111' title='bbox 311 2099 392 2158; x_wconf 90' lang='lat' dir='ltr'><strong>iusto</strong></span> <span class='ocrx_word' id='word_1_112' title='bbox 408 2098 530 2160; x_wconf 89' lang='lat' dir='ltr'><strong>dabitur</strong></span> <span class='ocrx_word' id='word_1_113' title='bbox 546 2100 666 2180; x_wconf 86' lang='lat' dir='ltr'><strong>quando</strong></span> <span class='ocrx_word' id='word_1_114' title='bbox 683 2100 786 2161; x_wconf 88' lang='lat' dir='ltr'><strong>calere</strong></span> <span class='ocrx_word' id='word_1_115' title='bbox 801 2100 909 2159; x_wconf 67' lang='lat' dir='ltr'><strong>mero?</strong></span> 
     </span>
     <span class='ocr_line' id='line_1_22' title="bbox 178 2181 1036 2264; baseline 0.002 -22"><span class='ocrx_word' id='word_1_116' title='bbox 178 2183 254 2242; x_wconf 76' lang='lat' dir='ltr'><strong>(lum</strong></span> <span class='ocrx_word' id='word_1_117' title='bbox 265 2189 314 2261; x_wconf 84' lang='lat' dir='ltr'><strong>te,</strong></span> <span class='ocrx_word' id='word_1_118' title='bbox 336 2181 465 2263; x_wconf 79' lang='lat' dir='ltr'><strong>Flacco,</strong></span> <span class='ocrx_word' id='word_1_119' title='bbox 488 2186 562 2245; x_wconf 95' lang='lat' dir='ltr'><strong>mihi</strong></span> <span class='ocrx_word' id='word_1_120' title='bbox 577 2184 691 2245; x_wconf 91' lang='lat' dir='ltr'><strong>reddet</strong></span> <span class='ocrx_word' id='word_1_121' title='bbox 707 2184 876 2264; x_wconf 77' lang='lat' dir='ltr'><strong>Cythereia</strong></span> <span class='ocrx_word' id='word_1_122' title='bbox 891 2184 1036 2263; x_wconf 78' lang='lat' dir='ltr'><strong>Cypros,</strong></span> 
     </span>
     <span class='ocr_line' id='line_1_23' title="bbox 217 2267 829 2333; baseline 0.011 -7"><span class='ocrx_word' id='word_1_123' title='bbox 217 2267 370 2327; x_wconf 82' lang='lat' dir='ltr'><strong>Luxuriae</strong></span> <span class='ocrx_word' id='word_1_124' title='bbox 384 2269 440 2327; x_wconf 88' lang='lat' dir='ltr'><strong>fiet</strong></span> <span class='ocrx_word' id='word_1_125' title='bbox 454 2277 515 2329; x_wconf 87' lang='lat' dir='ltr'><strong>tam</strong></span> <span class='ocrx_word' id='word_1_126' title='bbox 531 2271 610 2328; x_wconf 84' lang='lat' dir='ltr'><strong>bona</strong></span> <span class='ocrx_word' id='word_1_127' title='bbox 626 2288 715 2328; x_wconf 90' lang='lat' dir='ltr'><strong>causa</strong></span> <span class='ocrx_word' id='word_1_128' title='bbox 733 2287 829 2333; x_wconf 85' lang='lat' dir='ltr'><strong>meae.</strong></span> 
     </span>
    </p>
   </div>
   <div class='ocr_carea' id='block_1_5' title="bbox 561 2423 668 2486">
    <p class='ocr_par' dir='ltr' id='par_1_8' title="bbox 561 2423 668 2486">
     <span class='ocr_line' id='line_1_24' title="bbox 561 2423 668 2486; baseline 0.019 -3"><span class='ocrx_word' id='word_1_129' title='bbox 561 2423 668 2486; x_wconf 85' lang='lat' dir='ltr'><strong>XLVI.</strong></span> 
     </span>
    </p>
   </div>
   <div class='ocr_carea' id='block_1_6' title="bbox 176 2547 1078 2882">
    <p class='ocr_par' dir='ltr' id='par_1_9' title="bbox 176 2547 1078 2716">
     <span class='ocr_line' id='line_1_25' title="bbox 176 2547 1078 2630; baseline 0.008 -24"><span class='ocrx_word' id='word_1_130' title='bbox 176 2547 297 2622; x_wconf 79' lang='lat' dir='ltr'><strong>Quanta</strong></span> <span class='ocrx_word' id='word_1_131' title='bbox 311 2552 363 2605; x_wconf 87' lang='lat' dir='ltr'><strong>tua</strong></span> <span class='ocrx_word' id='word_1_132' title='bbox 378 2552 426 2607; x_wconf 88' lang='lat' dir='ltr'><strong>est</strong></span> <span class='ocrx_word' id='word_1_133' title='bbox 440 2550 597 2627; x_wconf 88' lang='lat' dir='ltr'><strong>probitas,</strong></span> <span class='ocrx_word' id='word_1_134' title='bbox 619 2557 704 2610; x_wconf 87' lang='lat' dir='ltr'><strong>tauta</strong></span> <span class='ocrx_word' id='word_1_135' title='bbox 721 2558 769 2611; x_wconf 87' lang='lat' dir='ltr'><strong>est</strong></span> <span class='ocrx_word' id='word_1_136' title='bbox 782 2550 914 2610; x_wconf 80' lang='lat' dir='ltr'><strong>Infantia</strong></span> <span class='ocrx_word' id='word_1_137' title='bbox 928 2550 1078 2630; x_wconf 89' lang='lat' dir='ltr'><strong>formae,</strong></span> 
     </span>
     <span class='ocr_line' id='line_1_26' title="bbox 219 2631 877 2716; baseline 0.008 -27"><span class='ocrx_word' id='word_1_138' title='bbox 219 2631 313 2690; x_wconf 75' lang='lat' dir='ltr'><strong>(leste</strong></span> <span class='ocrx_word' id='word_1_139' title='bbox 328 2649 424 2710; x_wconf 83' lang='lat' dir='ltr'><strong>puer,</strong></span> <span class='ocrx_word' id='word_1_140' title='bbox 446 2651 544 2712; x_wconf 93' lang='lat' dir='ltr'><strong>puero</strong></span> <span class='ocrx_word' id='word_1_141' title='bbox 562 2636 675 2694; x_wconf 87' lang='lat' dir='ltr'><strong>castior</strong></span> <span class='ocrx_word' id='word_1_142' title='bbox 690 2634 877 2716; x_wconf 84' lang='lat' dir='ltr'><strong>Hippolyto!</strong></span> 
     </span>
    </p>

    <p class='ocr_par' dir='ltr' id='par_1_10' title="bbox 177 2714 922 2882">
     <span class='ocr_line' id='line_1_27' title="bbox 177 2714 882 2798; baseline 0.007 -25"><span class='ocrx_word' id='word_1_143' title='bbox 177 2714 224 2774; x_wconf 88' lang='lat' dir='ltr'><strong>Te</strong></span> <span class='ocrx_word' id='word_1_144' title='bbox 241 2733 345 2775; x_wconf 90' lang='lat' dir='ltr'><strong>secum</strong></span> <span class='ocrx_word' id='word_1_145' title='bbox 362 2716 457 2776; x_wconf 85' lang='lat' dir='ltr'><strong>Diana</strong></span> <span class='ocrx_word' id='word_1_146' title='bbox 473 2715 551 2778; x_wconf 88' lang='lat' dir='ltr'><strong>velit</strong></span> <span class='ocrx_word' id='word_1_147' title='bbox 568 2717 739 2798; x_wconf 86' lang='lat' dir='ltr'><strong>doceatque</strong></span> <span class='ocrx_word' id='word_1_148' title='bbox 757 2730 882 2795; x_wconf 84' lang='lat' dir='ltr'><strong>natare,</strong></span> 
     </span>
     <span class='ocr_line' id='line_1_28' title="bbox 219 2798 922 2882; baseline 0.003 -24"><span class='ocrx_word' id='word_1_149' title='bbox 219 2798 267 2859; x_wconf 88' lang='lat' dir='ltr'><strong>Te</strong></span> <span class='ocrx_word' id='word_1_150' title='bbox 284 2798 402 2879; x_wconf 78' lang='lat' dir='ltr'><strong>Cybele</strong></span> <span class='ocrx_word' id='word_1_151' title='bbox 416 2808 516 2863; x_wconf 91' lang='lat' dir='ltr'><strong>totum</strong></span> <span class='ocrx_word' id='word_1_152' title='bbox 532 2801 641 2864; x_wconf 89' lang='lat' dir='ltr'><strong>mallet</strong></span> <span class='ocrx_word' id='word_1_153' title='bbox 656 2804 773 2863; x_wconf 85' lang='lat' dir='ltr'><strong>habere</strong></span> <span class='ocrx_word' id='word_1_154' title='bbox 787 2803 922 2882; x_wconf 80' lang='lat' dir='ltr'><strong>Phryge.</strong></span> 
     </span>
    </p>
   </div>
   <div class='ocr_carea' id='block_1_7' title="bbox 88 2882 959 3218">
    <p class='ocr_par' dir='ltr' id='par_1_11' title="bbox 88 2882 959 3218">
     <span class='ocr_line' id='line_1_29' title="bbox 152 2882 882 2966; baseline 0.005 -24"><span class='ocrx_word' id='word_1_155' title='bbox 152 2882 228 2943; x_wconf 73' lang='lat' dir='ltr'><strong>tTu</strong></span> <span class='ocrx_word' id='word_1_156' title='bbox 244 2884 443 2963; x_wconf 85' lang='lat' dir='ltr'><strong>Ganymedeo</strong></span> <span class='ocrx_word' id='word_1_157' title='bbox 457 2893 583 2966; x_wconf 87' lang='lat' dir='ltr'><strong>poteras</strong></span> <span class='ocrx_word' id='word_1_158' title='bbox 598 2886 767 2947; x_wconf 87' lang='lat' dir='ltr'><strong>succedere</strong></span> <span class='ocrx_word' id='word_1_159' title='bbox 781 2886 882 2964; x_wconf 79' lang='lat' dir='ltr'><strong>lecto,</strong></span> 
     </span>
     <span class='ocr_line' id='line_1_30' title="bbox 219 2966 826 3032; baseline 0.01 -6"><span class='ocrx_word' id='word_1_160' title='bbox 219 2966 283 3026; x_wconf 87' lang='lat' dir='ltr'><strong>Sed</strong></span> <span class='ocrx_word' id='word_1_161' title='bbox 297 2967 392 3029; x_wconf 90' lang='lat' dir='ltr'><strong>durus</strong></span> <span class='ocrx_word' id='word_1_162' title='bbox 407 2968 530 3029; x_wconf 89' lang='lat' dir='ltr'><strong>domiuo</strong></span> <span class='ocrx_word' id='word_1_163' title='bbox 544 2971 629 3030; x_wconf 88' lang='lat' dir='ltr'><strong>basia</strong></span> <span class='ocrx_word' id='word_1_164' title='bbox 645 2970 710 3030; x_wconf 87' lang='lat' dir='ltr'><strong>sola</strong></span> <span class='ocrx_word' id='word_1_165' title='bbox 725 2971 826 3032; x_wconf 89' lang='lat' dir='ltr'><strong>dares.</strong></span> 
     </span>
     <span class='ocr_line' id='line_1_31' title="bbox 172 3047 959 3134; baseline 0.006 -26"><span class='ocrx_word' id='word_1_166' title='bbox 172 3047 279 3130; x_wconf 72' lang='lat' dir='ltr'><strong>Felix,</strong></span> <span class='ocrx_word' id='word_1_167' title='bbox 302 3070 380 3129; x_wconf 86' lang='lat' dir='ltr'><strong>quae</strong></span> <span class='ocrx_word' id='word_1_168' title='bbox 393 3057 536 3111; x_wconf 89' lang='lat' dir='ltr'><strong>tenerum</strong></span> <span class='ocrx_word' id='word_1_169' title='bbox 550 3056 672 3113; x_wconf 86' lang='lat' dir='ltr'><strong>vexabit</strong></span> <span class='ocrx_word' id='word_1_170' title='bbox 690 3075 801 3134; x_wconf 90' lang='lat' dir='ltr'><strong>sponsa</strong></span> <span class='ocrx_word' id='word_1_171' title='bbox 816 3055 959 3114; x_wconf 87' lang='lat' dir='ltr'><strong>maritum</strong></span> 
     </span>
     <span class='ocr_line' id='line_1_32' title="bbox 88 3133 867 3218; baseline 0.006 -25"><span class='ocrx_word' id='word_1_172' title='bbox 88 3170 91 3174; x_wconf 63' lang='grc'><em>»</em></span> <span class='ocrx_word' id='word_1_173' title='bbox 214 3133 257 3194; x_wconf 79' lang='lat' dir='ltr'><strong>ut</strong></span> <span class='ocrx_word' id='word_1_174' title='bbox 271 3153 349 3214; x_wconf 92' lang='lat' dir='ltr'><strong>quae</strong></span> <span class='ocrx_word' id='word_1_175' title='bbox 366 3140 398 3194; x_wconf 89' lang='lat' dir='ltr'><strong>te</strong></span> <span class='ocrx_word' id='word_1_176' title='bbox 414 3133 509 3195; x_wconf 82' lang='lat' dir='ltr'><strong>faciet</strong></span> <span class='ocrx_word' id='word_1_177' title='bbox 522 3138 622 3216; x_wconf 78' lang='lat' dir='ltr'><strong>prIma</strong></span> <span class='ocrx_word' id='word_1_178' title='bbox 635 3138 740 3218; x_wconf 87' lang='lat' dir='ltr'><strong>puella</strong></span> <span class='ocrx_word' id='word_1_179' title='bbox 755 3139 867 3200; x_wconf 81' lang='lat' dir='ltr'><strong>virum!</strong></span> 
     </span>
    </p>
   </div>
   <div class='ocr_carea' id='block_1_8' title="bbox 549 3293 669 3357">
    <p class='ocr_par' dir='ltr' id='par_1_12' title="bbox 549 3293 669 3357">
     <span class='ocr_line' id='line_1_33' title="bbox 549 3293 669 3357; baseline 0.017 -3"><span class='ocrx_word' id='word_1_180' title='bbox 549 3293 669 3357; x_wconf 92' lang='lat' dir='ltr'><strong>XLVII.</strong></span> 
     </span>
    </p>
   </div>
   <div class='ocr_carea' id='block_1_9' title="bbox 174 3400 1045 3572">
    <p class='ocr_par' dir='ltr' id='par_1_13' title="bbox 174 3400 1045 3572">
     <span class='ocr_line' id='line_1_34' title="bbox 174 3400 1045 3488; baseline 0.01 -27"><span class='ocrx_word' id='word_1_181' title='bbox 174 3400 250 3462; x_wconf 87' lang='lat' dir='ltr'><strong>Pars</strong></span> <span class='ocrx_word' id='word_1_182' title='bbox 265 3402 454 3465; x_wconf 85' lang='lat' dir='ltr'><strong>maxillarum</strong></span> <span class='ocrx_word' id='word_1_183' title='bbox 467 3411 556 3467; x_wconf 89' lang='lat' dir='ltr'><strong>tonsa</strong></span> <span class='ocrx_word' id='word_1_184' title='bbox 571 3409 707 3487; x_wconf 83' lang='lat' dir='ltr'><strong>esttibi,</strong></span> <span class='ocrx_word' id='word_1_185' title='bbox 729 3427 801 3488; x_wconf 86' lang='lat' dir='ltr'><strong>pars</strong></span> <span class='ocrx_word' id='word_1_186' title='bbox 817 3407 875 3468; x_wconf 90' lang='lat' dir='ltr'><strong>tibi</strong></span> <span class='ocrx_word' id='word_1_187' title='bbox 888 3426 957 3467; x_wconf 91' lang='lat' dir='ltr'><strong>rasa</strong></span> <span class='ocrx_word' id='word_1_188' title='bbox 976 3415 1045 3488; x_wconf 89' lang='lat' dir='ltr'><strong>est,</strong></span> 
     </span>
     <span class='ocr_line' id='line_1_35' title="bbox 214 3486 992 3572; baseline 0.005 -25"><span class='ocrx_word' id='word_1_189' title='bbox 214 3486 291 3549; x_wconf 86' lang='lat' dir='ltr'><strong>Pars</strong></span> <span class='ocrx_word' id='word_1_190' title='bbox 305 3487 390 3550; x_wconf 84' lang='lat' dir='ltr'><strong>vulsa</strong></span> <span class='ocrx_word' id='word_1_191' title='bbox 405 3497 462 3551; x_wconf 88' lang='lat' dir='ltr'><strong>est.</strong></span> <span class='ocrx_word' id='word_1_192' title='bbox 490 3490 593 3552; x_wconf 91' lang='lat' dir='ltr'><strong>Unum</strong></span> <span class='ocrx_word' id='word_1_193' title='bbox 607 3493 674 3570; x_wconf 90' lang='lat' dir='ltr'><strong>quis</strong></span> <span class='ocrx_word' id='word_1_194' title='bbox 689 3497 777 3572; x_wconf 89' lang='lat' dir='ltr'><strong>putat</strong></span> <span class='ocrx_word' id='word_1_195' title='bbox 792 3509 860 3552; x_wconf 86' lang='lat' dir='ltr'><strong>esse</strong></span> <span class='ocrx_word' id='word_1_196' title='bbox 876 3491 992 3572; x_wconf 72' lang='lat' dir='ltr'><strong>caput?</strong></span> 
     </span>
    </p>
   </div>
   <div class='ocr_carea' id='block_1_10' title="bbox 0 0 1190 3924">
    <p class='ocr_par' dir='ltr' id='par_1_14' title="bbox 0 0 1190 3924">
     <span class='ocr_line' id='line_1_36' title="bbox 0 0 1190 3924; baseline 0 0"><span class='ocrx_word' id='word_1_197' title='bbox 0 0 1190 3924; x_wconf 95' lang='lat' dir='ltr'><strong> </strong></span> 
     </span>
    </p>
   </div>
  </div>
 </body>
</html>
