2370 3924
336 234 676 298 EPIGRAMMATGN
688 239 762 301 LlB.
778 240 830 302 XI.
1044 243 1104 308 281

188 386 231 446 Et
244 386 328 445 iuvat
342 385 472 446 admissa
487 404 632 466 rumpere
647 384 718 447 luce
732 387 822 451 latus.

145 470 255 531 Fascia
270 475 302 528 te
317 470 501 548 tunicaeque
516 470 707 549 obscuraque
722 470 817 552 pallia
832 470 951 537 celant:

189 553 232 612 At
247 553 323 612 mihi
337 550 422 614 nulla
437 554 512 612 satis
528 553 611 612 nuda
624 552 730 633 puella
743 556 834 617 iacet.

100 657 103 661 ·
146 637 235 696 Basia
250 655 299 695 me
315 637 440 716 capiunt
452 634 581 697 blandas
595 637 714 698 imitata
731 637 902 701 columbas:

104 732 139 784 ιο
187 720 236 779 Tu
250 720 326 779 mibi
342 718 411 798 das,
433 721 517 779 aviae
534 718 634 800 qualia
648 739 736 782 mane
751 721 843 784 soles.

145 804 210 865 Nec
225 808 309 863 motu
325 800 460 882 dignaris
475 823 553 882 opus
566 822 626 864 nec
639 823 715 867 voce
729 806 851 886 iuvare,

187 887 252 947 Nec
267 884 388 965 digitis:
404 893 549 966 tanquam
563 894 632 949 tura
649 907 827 968 merumque
841 909 942 971 pares.

145 970 419 1031 Masturbabantur
432 971 560 1050 Phrygii
574 979 645 1052 post
659 975 737 1032 ostia
751 976 848 1052 servi,

185 1055 344 1115 Hectoreo
361 1057 504 1133 quotiens
520 1055 645 1115 sederat
658 1076 735 1116 uxor
754 1076 844 1136 equo.

100 1138 185 1201 rant
200 1140 335 1217 quamvis
350 1137 454 1199 Ithaco
471 1144 625 1200 stertente
640 1138 752 1220 pudica
768 1139 889 1201 solebat

185 1221 254 1282 illio
267 1219 428 1301 Penelope
445 1241 568 1303 semper
586 1223 703 1283 habere
717 1243 846 1284 manum.

144 1304 313 1366 Paedicare
328 1324 438 1384 negas:
461 1306 552 1366 dabat
565 1307 625 1367 boc
641 1305 787 1367 Gornelia
802 1306 960 1384 Graccho,

188 1388 262 1450 lulla
275 1385 440 1471 Pompeio,
459 1389 585 1468 Porcia,
607 1390 717 1469 Brute,
738 1393 805 1452 tibi.

142 1471 251 1534 Dulcia
265 1473 418 1534 Dardanio
434 1472 569 1535 nondum
583 1475 733 1535 miscente
747 1476 888 1535 ministro

99 1567 137 1620 20
185 1557 300 1617 Pocula
316 1558 388 1617 luno
404 1557 465 1618 fuit
477 1576 535 1638 pro
552 1557 731 1638 Ganymede
745 1560 818 1619 lovi.

144 1642 179 1701 Si
192 1647 225 1701 te
240 1639 378 1702 delectat
393 1643 541 1720 gravitas,
564 1642 709 1702 Lucretia
725 1649 791 1703 toto

187 1725 237 1784 Sis
255 1721 333 1785 licet
346 1744 444 1805 usque
460 1724 527 1803 die,
549 1724 645 1785 Laida
658 1733 751 1786 nocte
764 1725 843 1786 1010.

551 1838 614 1900 GV.

142 1935 292 1999 Mittebas
306 1933 434 2014 libram,
456 1934 675 2015 quadrantem,
696 1936 842 2014 Garrire,
865 1934 971 1996 mittis.

187 2018 306 2081 Saltem
320 2020 495 2098 semissem,
513 2020 659 2098 Garrice,
681 2016 767 2080 solve
781 2019 865 2080 mibi.

143 2231 214 2293 Vibi
228 2230 379 2307 Maxime,
401 2231 427 2289 si
441 2249 528 2289 vacas
543 2248 645 2306 avere,

142 2314 211 2374 Hoc
229 2319 347 2374 tantum
359 2313 446 2392 lege:
468 2331 600 2391 namque
614 2319 648 2372 et
663 2316 827 2392 occupatus

141 2399 183 2458 Et
197 2417 259 2457 nou
274 2415 308 2458 es
321 2399 448 2457 nimium
461 2396 650 2458 laboriosus·

143 2482 271 2541 Transis
285 2482 342 2542 hos
361 2499 482 2562 quoque
497 2479 663 2559 quattuor?
685 2479 800 2559 sapisti.

537 2592 627 2654 cvii.

141 2690 330 2773 Explicitum
344 2690 434 2749 nobis
449 2708 546 2769 usque
562 2687 600 2748 ad
616 2707 670 2746 sua
684 2706 799 2746 cornua
811 2683 926 2745 librum

183 2777 225 2836 Et
240 2775 326 2853 quasi
340 2772 531 2855 perlectum,
555 2771 747 2851 Septiciana,
770 2768 882 2830 refers.

143 2860 252 2921 Omnia
265 2859 380 2936 legisti.
412 2854 532 2932 Credo,
556 2856 637 2932 scio,
661 2850 797 2932 gaudeo,
817 2868 923 2912 verum
938 2854 994 2910 est

184 2941 313 3022 Perlegi
326 2941 424 3002 libros
440 2942 484 3001 sic
500 2957 557 3018 ego
573 2939 709 3018 quinque
728 2943 805 2996 tuos.

521 3053 624 3116 GVlll.

142 3154 284 3232 Quamvis
302 3158 362 3212 tam
377 3151 469 3230 longo
484 3152 584 3231 possis
599 3157 684 3209 satur
699 3166 769 3209 esse
782 3145 908 3215 libello,

184 3238 314 3316 Lector,
338 3235 437 3296 adhuc
453 3256 469 3294 a
483 3253 532 3294 me
547 3234 678 3294 disticha
692 3251 788 3312 pauca
802 3232 893 3312 petis.

141 3320 206 3383 Sed
223 3322 327 3401 Lupus
343 3339 466 3379 usuram
480 3321 632 3398 puerique
650 3316 747 3377 diaria
760 3320 900 3398 poscunt.

182 3405 314 3483 Lector,
334 3402 427 3465 salve.
460 3403 560 3462 'iaces
575 3400 830 3479 dissimulasque?
858 3394 948 3462 Vale.
