2370 3924
278 236 762 300 nareaammnuoumno.
980 199 1037 303 ili

86 389 166 467 Quid
182 408 251 449 esse
266 399 372 449 nostro
388 389 500 448 fortius
514 396 619 467 potest
633 390 751 451 Paeto?

86 476 276 535 Ducentiens
291 474 426 552 accepit,
442 475 482 532 'et
496 481 598 531 tamen
613 473 695 534 vivit.

458 605 622 667 XXXVlll.

86 722 283 786 Calliodorus
292 723 387 782 habet
399 741 523 782 censum
537 758 572 767 -
588 725 655 802 quis
666 726 789 784 nescit?
804 760 839 769 -
852 733 1041 805 equestrem,

129 809 239 886 Sexto,
261 805 318 866 sed
332 813 365 866 et
379 807 508 865 fratrem
522 806 717 869 Calliodorus
731 810 833 870 habet.

85 891 319 970 Quadringenta
334 900 435 968 secat,
458 892 511 968 qui
526 888 602 952 dicit
617 883 704 952 crixo
716 889 838 972 μέριζεε

127 974 198 1037 Uno
214 974 317 1035 credis
333 993 412 1053 equo
427 993 519 1052 posse
534 974 646 1036 sedere
662 975 760 1036 duos?

88 1058 171 1137 Quid
186 1079 254 1118 oum
270 1059 369 1119 fratre
383 1059 458 1135 tibi,
480 1057 555 1137 quid
572 1079 640 1120 cum
655 1059 782 1120 Polluce
796 1058 950 1120 molesto?

127 1144 195 1204 Non
212 1152 296 1203 esset
308 1141 419 1202 Pollux
433 1142 460 1201 si
475 1144 547 1217 tibi,
571 1145 681 1204 Castor
698 1162 775 1204 eras.

83 1228 172 1289 Unus
188 1246 255 1312 cum
271 1228 355 1304 sitis,
378 1225 454 1302 duo,
477 1225 672 1306 Calliodore,
695 1228 821 1290 sedetis.

128 1311 242 1389 Surge:
265 1303 494 1390 σολοικισμὸν,
519 1310 710 1391 Calliodorc,
731 1312 817 1372 facis.
887 1331 891 1339 ’

84 1397 149 1456 Aut
162 1395 284 1455 imitare
300 1413 396 1474 genus
409 1394 564 1455 Ledae-
575 1416 643 1456 cum
657 1396 755 1456 fratre
771 1395 883 1456 sedere

125 1479 195 1539 Non
207 1486 298 1558 potes
308 1499 364 1538 -τ
376 1479 520 1557 alternis,
539 1478 734 1558 Calliodore,
757 1479 841 1541 sede.

449 1612 586 1678 xxxiii.

87 1727 252 1806 Supremas
267 1726 325 1784 tibi
338 1726 467 1797 triciens
483 1727 516 1784 in
531 1745 608 1784 anno

87 1810 228 1889 Signanti
241 1807 378 1887 tabulas,
401 1809 553 1887 Charine,
575 1810 645 1869 misi

87 1891 238 1973 Hyblaeis
253 1891 389 1952 madidas
405 1893 519 1972 thymis
534 1893 702 1972 placentas.

88 1978 213 2038 Desaci:
235 1978 386 2036 miserere
400 1978 476 2055 iam,
499 1977 644 2040 Charine.

90 2062 183 2139 Signa
198 2061 314 2139 rarius,
336 2067 388 2119 aut
401 2058 499 2120 semel
513 2060 563 2119 fac
577 2057 673 2134 illud,

88 2145 242 2204 Mentitur
256 2151 309 2203 tua
324 2142 406 2223 quod
421 2143 551 2203 subinde
566 2146 669 2205 tussis.

88 2229 216 2288 Excussi
234 2226 414 2301 loculosque
429 2226 652 2306 saeculumque.

89 2312 205 2373 Croeso
222 2310 346 2372 divitior
359 2309 437 2371 licet
450 2311 595 2386 fuissem,

88 2395 136 2456 lro
151 2396 318 2476 pauperior
332 2395 448 2473 forem,
470 2395 623 2473 Charine,

89 2478 120 2539 Si
136 2481 285 2539 conchem
300 2480 415 2538 totiens
429 2497 528 2538 meam
543 2496 707 2539 comesses.
753 2545 756 2550 ,

495 2619 559 2683 XL.

92 2732 223 2793 Pinxisti
236 2730 410 2809 Venerem,
434 2730 527 2806 colis,
548 2731 763 2810 Artemidore,
786 2733 973 2795 Minervam:

127 2815 170 2876 ht
185 2816 323 2893 miraris,
344 2835 420 2894 opus
436 2813 632 2894 displicuisse
645 2816 754 2875 tuum?

485 2948 562 3010 XLI.
678 2990 681 2994 -

91 3061 232 3142 Spadone
250 3083 318 3123 cum
333 3063 375 3123 sis
393 3066 539 3125 eviratior
554 3065 650 3138 fluxo,

91 3146 129 3206 llt
143 3148 314 3207 concubino
330 3146 453 3207 mollior
468 3147 659 3225 Celaenaeo,

92 3229 187 3303 Quem
201 3237 305 3290 sectus
319 3229 418 3291 ululat
433 3233 538 3293 matris
554 3234 686 3292 entheae
701 3232 824 3312 Gallus,

94 3313 228 3374 'lheatra
242 3314 381 3393 loqueris
398 3322 430 3375 et
444 3315 556 3392 gradus
574 3322 607 3375 et
622 3315 740 3393 edicta,
774 3313 777 3318 ’

96 3395 292 3477 Trabeasque
308 3406 341 3458 et
355 3398 427 3459 idus
442 3399 613 3478 fibulasque
629 3418 817 3479 censusque,

89 3479 130 3538 Et
142 3483 295 3559 pumicata
309 3502 462 3562 pauperes
477 3503 566 3543 manu
581 3489 746 3546 monstras.
