2370 3924
301 192 648 303 'erreRArnirlrori
661 242 735 304 ire.
750 243 788 304 11.
1030 242 1070 310 41

112 393 193 457 Esse
209 393 266 454 tibi
281 398 365 453 tenta
379 399 484 455 cautus
498 395 652 455 brevitate
667 393 806 455 videris?

156 477 219 538 Hei
233 477 328 554 mihi,
351 496 440 555 quam
455 477 561 538 multis
576 479 621 538 sic
637 497 760 559 quoque
773 478 885 558 longus
899 480 980 541 eris!
1105 526 1108 531 ,

412 614 418 627 ’
531 613 564 674 ΙΙ.

113 722 210 783 Greia
225 721 310 784 dedit
325 743 481 805 magnum,
505 726 600 786 maius
616 723 704 785 dedit
717 725 824 785 Airica
836 744 968 807 nomen,

156 804 260 888 Scipio
277 807 359 885 quod
372 811 472 870 victor
487 809 630 890 quodque
645 808 794 871 Metellus
808 810 918 886 hebet3

111 888 254 952 Nobilius
269 889 384 953 domito
399 895 509 955 tribuit
524 895 689 956 Germania
701 893 827 973 Rheno,

151 974 195 1035 Et
208 993 287 1056 puer
302 977 361 1037 hoc
376 976 486 1056 dignus
499 979 641 1056 nomine,
664 979 796 1056 Caesar,
817 996 897 1041 eras.

86 1057 228 1120 5Frater
240 1058 400 1121 Idumaeos
414 1063 528 1123 meruit
543 1083 612 1123 cum
627 1068 717 1144 patre
732 1061 923 1142 triumphes,

154 1141 239 1218 Quae
255 1143 345 1205 detur
359 1163 397 1206 ex
412 1146 533 1206 chattis
547 1144 672 1224 laurea,
693 1151 759 1206 tote
773 1152 826 1206 tue
840 1151 897 1206 ert.

529 1279 578 1342 ΠΙ.

110 1388 225 1469 Sexte,
246 1390 325 1452 nihil
339 1391 451 1472 debes,
474 1393 520 1454 nil
532 1393 646 1471 (lebes,
668 1393 779 1472 Sexte,
800 1391 942 1454 letemur.

151 1473 255 1536 Debet
269 1477 367 1555 enim,
389 1479 415 1538 si
433 1480 502 1557 quis
517 1477 656 1556 solvere,
678 1477 787 1555 Sexte,
807 1481 921 1558 potest.

518 1611 570 1673 lV.

110 1717 138 1779 0
154 1738 244 1796 quem
257 1718 387 1783 blandus
399 1741 452 1800 ee,
474 1723 651 1799 Ammiane,
672 1720 779 1780 matri!

110 1802 210 1879 Quam
223 1801 338 1865 blenda
352 1809 401 1866 eet
415 1806 472 1866 tibi
485 1811 601 1884 metor,
623 1804 798 1867 Ammiano!

106 1885 253 1948 Fratrem
265 1894 297 1949 te
312 1896 401 1950 vocet
413 1896 445 1951 et
461 1909 550 1950 soror
564 1894 699 1951 vocetur.
826 1888 837 1921 ·’·

108 1969 175 2031 Gur
187 1990 241 2032 vos
255 1973 378 2033 nomina
392 1974 543 2052 nequiore
557 1972 709 2051 tangunt?

83 2053 215 2130 5Quere
229 2074 292 2116 non
304 2057 388 2116 iurat
400 2058 460 2117 hoc
475 2055 558 2136 quod
572 2058 648 2117 estis
662 2056 755 2115 esse?

104 2136 223 2207 Lusum
238 2139 366 2201 creditis
380 2141 443 2201 hoe
455 2140 641 2220 iocumque?
665 2139 735 2199 Non
749 2145 812 2199 est:

106 2220 262 2302 Matrem,
285 2242 363 2302 quae
377 2225 462 2305 eupit
477 2242 546 2284 esse
562 2240 765 2301 merorem,

104 2304 174 2367 Nee
187 2312 317 2368 matrem
330 2308 413 2370 iurat
426 2326 495 2368 esse
509 2326 568 2368 nec
583 2325 731 2368 sororem.

529 2441 567 2504 V.

104 2551 155 2613 Ne
170 2550 305 2631 veleem,
328 2556 355 2615 sl
369 2574 431 2615 non
445 2555 536 2633 totis,
558 2555 710 2632 Deciano,
720 2552 841 2629 ,diebus

148 2636 192 2696 lit
205 2641 309 2697 tecum
322 2640 397 2699 totis
412 2639 554 2699 noctibus
567 2657 636 2699 enee
648 2637 747 2699 velim.

107 2717 175 2780 Sed
189 2718 250 2780 duo
264 2728 336 2781 eunt
351 2741 428 2802 quae
443 2741 499 2782 nos
514 2721 692 2800 disiungunt
708 2719 791 2781 milia
803 2727 940 2800 pessem:

151 2803 305 2880 Quattuor
318 2806 396 2866 haec
407 2807 499 2883 fiunt,
523 2825 591 2864 cum
607 2804 765 2865 rediturus
779 2802 871 2863 eam?

83 2885 215 2967 5Seepe
227 2886 384 2950 dominon
396 2909 446 2968 es,
466 2909 534 2950 cum
546 2891 588 2949 sis
601 2907 740 2969 quoque,
760 2904 852 2967 saepe
864 2884 1003 2964 negaris:

149 2969 212 3034 vel
228 2977 347 3033 tentum
365 2974 463 3034 crusis
480 2969 531 3033 vel
548 2974 606 3033 tibi
624 2992 717 3054 saepe
736 2991 833 3034 vacas.

104 3053 156 3115 Te
173 3060 277 3116 tamen
294 3062 329 3116 ut
345 3057 464 3118 videam
484 3056 544 3118 duo
563 3056 647 3117 milia
662 3077 724 3118 non
740 3057 828 3137 piget
843 3056 908 3132 ire,

149 3138 193 3200 Ut
210 3145 244 3200 te
264 3160 328 3200 non
344 3140 465 3202 videam
483 3146 628 3221 quattuor
644 3142 692 3202 ire
708 3143 804 3223 piget.

523 3275 573 3338 Vl.

101 3383 117 3445 l
135 3402 235 3464 nune,
257 3383 355 3446 edere
372 3405 421 3447 me
438 3388 511 3448 iube
526 3385 652 3448 libellos

103 3466 215 3529 Lectis
233 3470 283 3531 vix
300 3471 358 3531 tibi
374 3472 494 3550 paginis
513 3470 629 3534 duabus
