2370 3924
94 236 156 300 228
415 234 459 295 M.
476 233 566 295 VAL.
582 233 807 294 MAR'l'lALlS

178 387 322 448 Delasset
335 405 440 447 omnes
454 385 572 446 fabulas
587 394 762 466 poetarum:

177 473 219 531 ut
234 492 302 531 eum
315 471 409 531 fateri
422 471 516 530 Furia
533 472 661 530 iusserit
674 489 797 548 verum,

178 554 337 617 Prodente
352 555 463 615 clamet
477 556 665 614 conscientie
679 555 854 634 „Scripsi.“

591 689 642 752 vl.

177 787 316 863 Felices,
340 788 449 864 quibus
464 808 541 847 urna
556 787 644 849 dedit
658 792 800 868 spectare
815 807 981 851 coruscum

220 870 344 929 Solibus
359 870 483 931 Arctois
500 872 715 950 sideribusque
732 870 850 932 ducem.

179 953 306 1031 Quando
325 954 387 1012 erit
404 953 459 1014 ille
476 954 560 1034 dies,
584 975 643 1035 quo
659 975 782 1036 campus
796 962 830 1015 et
844 958 940 1018 arbor
956 966 993 1020 et
1009 980 1081 1022 omn

219 1037 350 1097 Lucebit
362 1038 451 1098 Latin
466 1039 549 1100 culta
562 1040 702 1100 fenestra
719 1039 821 1099 nuru?

152 1121 303 1197 5Qnando
319 1140 424 1182 morae
438 1121 546 1184 dulces
559 1123 733 1202 longusque
747 1143 764 1181 a
779 1124 916 1184 Caesare
931 1126 1038 1206 pulvis

219 1205 362 1285 'l'otaque
380 1206 533 1267 Flaminia
546 1209 643 1268 Roma
656 1207 788 1267 videnda
800 1207 872 1268 via‘t
933 1222 936 1228 ’

178 1289 305 1366 Quando
321 1308 417 1369 eques
435 1299 468 1351 et
487 1294 565 1372 picti
579 1294 683 1352 tunice
697 1289 837 1355 Nilotide
851 1291 961 1354 Mauri

216 1373 319 1450 Ibitis,
341 1379 374 1433 et
387 1373 495 1455 populi
508 1397 565 1436 vox
582 1377 644 1436 erit
658 1395 718 1435 una
731 1375 849 1454 „Venit
855 1375 894 1433 ‘N‘

575 1510 640 1573 vll.

174 1603 383 1685 Nympharum
399 1614 489 1687 pater
505 1610 714 1688 amniumque,
735 1608 864 1686 Rhene,
934 1600 939 1607 ¹

175 1689 356 1769 Quicunque
372 1689 519 1770 Odrysias
534 1693 643 1752 bibunt
656 1693 800 1773 pruinas,

175 1773 226 1832 Sic
242 1782 365 1852 semper
379 1773 505 1853 liquidis
519 1777 633 1835 fruaris
649 1776 755 1854 undis,

174 1856 286 1916 Necte
302 1860 430 1918 barbara
446 1859 662 1920 contumeliosi

153 1939 336 2002 bCaleatum
351 1948 419 2001 rota
434 1951 576 2003 conterat
591 1943 732 2017 bubulci3

174 2025 225 2084 Sic
243 2030 276 2083 et
290 2026 434 2085 cornibus
450 2029 552 2087 aureis
567 2030 703 2108 receptis

175 2110 217 2168 Et
231 2109 383 2168 ltomanus
400 2128 451 2169 eas
467 2119 598 2191 utraque
613 2115 696 2192 ripa:

174 2193 339 2252 Traianum
354 2193 476 2275 populis
492 2198 554 2255 suis
570 2204 603 2256 et
619 2198 705 2273 urbi,

174 2277 280 2336 Tibris
296 2285 328 2336 te
343 2277 484 2338 dominns
499 2287 604 2358 rogat,
625 2281 789 2340 remittas:

567 2415 644 2476 Vlll.

169 2506 295 2566 Nubere
309 2506 405 2567 Paula
420 2510 506 2587 eupit
520 2511 625 2586 nobis,
648 2528 706 2588 ego
723 2507 838 2569 ducere
854 2509 981 2572 Paulam

214 2589 308 2650 Nolo:
324 2611 397 2650 auus
413 2597 477 2664 est;
498 2589 628 2668 uellem,
651 2595 676 2651 si
692 2595 786 2671 magis
801 2602 888 2655 esset
903 2617 988 2659 anus.

564 2760 570 2768 -
588 2726 637 2787 ΙΧ.

171 2826 311 2887 Undenis
327 2827 520 2908 pedibusque
535 2826 723 2906 syllabisque

169 2910 211 2970 Et
224 2909 320 2970 multo
336 2911 417 2988 sale,
439 2930 498 2971 neo
514 2918 615 2971 tamen
631 2916 796 2989 protervo,

169 2992 267 3054 Notus
281 2997 424 3072 gentibus
438 2992 495 3053 ille
510 2993 664 3053 Martialis

168 3076 211 3136 Et
225 3084 315 3137 notus
332 3076 455 3156 populis
470 3109 512 3120 -
527 3078 601 3156 quid
615 3076 782 3136 invidetis?
795 3114 837 3120 —

147 3158 239 3220 5Non
256 3179 322 3219 sum
338 3159 553 3220 Andraemone
568 3163 672 3223 notior
690 3160 817 3222 caballo.

584 3295 621 3356 X.

170 3406 245 3466 (ium
260 3413 309 3484 tu,
329 3404 492 3487 laurigeris
507 3429 618 3469 annum
633 3411 685 3487 qui
697 3410 833 3471 fascibus
848 3411 963 3487 intras,

208 3490 305 3554 Mane
319 3490 467 3554 salutator
482 3492 590 3553 limina
605 3492 690 3553 mille
709 3499 809 3571 teras,
