2346 3938
67 197 130 262 eoa
186 178 197 204 ⁰
389 198 432 259 ιιι.
451 198 543 260 vau.
560 198 788 262 aranunms

533 351 640 412 XXXI.

152 451 229 511 (lum
244 467 347 509 comes
361 450 485 510 Arctois
499 451 647 511 haereret
660 451 804 512 Caesaris
819 454 912 515 arania

193 533 319 612 Velius,
340 534 419 593 hanc
433 534 529 594 Marti
543 554 601 615 pro
614 533 692 595 duce
704 536 790 595 rosit
806 555 901 598 avem.

152 620 239 679 Luna
254 625 364 697 quater
379 619 467 678 binos
483 637 544 677 non
559 624 625 678 tota
639 625 809 699 peregerat
822 622 934 700 orbes,

194 703 307 765 Debita
319 704 468 783 poscebat
482 703 541 762 iam
558 703 620 762 sibi
633 708 704 762 vota
720 702 806 763 deus.

131 788 223 869 blpse
238 806 307 847 suaa
324 804 416 846 anser
434 786 613 866 properavit
626 785 726 846 laetas
741 785 781 847 ad
793 808 863 849 aras

104 925 112 936 ,
193 872 235 932 nt
250 869 364 930 cecidit
377 871 491 929 sanctis
505 871 607 929 hostia
620 890 713 951 parva
726 871 814 932 focis.

154 956 233 1017 Octo
247 952 334 1014 vides
350 950 456 1033 patulo
472 952 611 1033 pendere
625 955 807 1014 nomismata
820 961 925 1016 rostro

194 1037 310 1099 Alitis?
330 1039 407 1098 haec
425 1039 505 1097 extis
522 1035 646 1098 condita
660 1057 760 1118 nuper
775 1045 875 1102 eraut.

153 1124 239 1200 Quae
254 1120 325 1181 litat
340 1128 467 1200 argento
479 1141 538 1201 pro
550 1127 600 1200 te,
620 1141 682 1181 non
698 1125 864 1201 sanguine,
884 1123 1006 1200 Caesar,

113 1218 146 1270 10
194 1207 344 1284 Victima,
365 1206 424 1265 iam
438 1205 525 1265 ferro
539 1224 601 1265 uon
617 1224 694 1285 opus
709 1223 779 1266 esse
796 1206 897 1267 docet.

531 1318 652 1378 XXXII.

153 1418 242 1477 Hanc
257 1414 344 1493 volo,
366 1433 443 1495 quae
459 1414 577 1495 facilia,
600 1435 678 1494 quae
692 1414 856 1497 palliolata
870 1424 1006 1496 vagatur,

196 1501 284 1561 Hanc
298 1497 386 1578 volo,
410 1517 488 1579 quae
501 1518 599 1580 puero
614 1500 674 1560 iam
692 1499 780 1561 dedit
792 1507 865 1562 ante
880 1520 967 1576 meo;

155 1585 243 1645 Hanc
256 1581 344 1662 volo,
367 1604 457 1664 quam
470 1582 596 1643 redimit
611 1590 707 1644 totam
722 1582 867 1646 denarius
882 1583 978 1663 alter,

196 1669 284 1728 Hanc
298 1667 384 1746 volo,
407 1685 485 1748 quae
497 1668 616 1747 pariter
630 1668 746 1728 sufficit
761 1688 822 1729 una
835 1670 945 1730 tribus.

136 1752 343 1814 5Poscentem
356 1771 494 1812 nummos
512 1756 546 1811 et
559 1749 687 1829 grandia
701 1753 796 1830 rerba
811 1760 973 1813 sonantem

196 1835 360 1896 Possideat
375 1853 495 1896 crassae
509 1833 646 1895 mentula
660 1834 857 1914 Burdigalae.

525 1947 662 2009 XXXlIl.

155 2041 300 2103 Audieris
315 2044 347 2102 in
363 2064 439 2123 quo,
460 2042 593 2121 Flacco,
615 2043 725 2103 balneo
739 2040 898 2123 plausum,

155 2128 308 2188 Matronia
321 2126 387 2188 illic
404 2148 472 2188 esse
488 2126 656 2188 mentulam
671 2128 758 2188 scito.

521 2262 659 2323 XXXIV.

154 2362 293 2441 luppiter
307 2360 390 2421 ldaei
404 2362 475 2421 risit
488 2362 647 2422 mendacia
661 2361 758 2435 busti,

196 2444 274 2503 Dum
287 2442 373 2503 videt
386 2444 515 2522 Augusti
530 2443 636 2505 Flavia
650 2440 766 2523 templa
779 2440 862 2521 poli,

156 2528 259 2605 Atque
273 2528 357 2586 inter
372 2546 491 2587 mensas
507 2526 594 2606 largo
610 2529 669 2587 iam
684 2533 810 2587 nectare
827 2525 932 2602 iosus,

197 2608 313 2670 Pocula
328 2630 396 2669 cum
412 2612 508 2672 Marti
522 2611 663 2671 traderet
677 2613 746 2691 ipse
761 2628 815 2668 suo
824 2651 833 2686 ,
928 2608 935 2618 '

133 2695 338 2775 5ltespiciens
353 2696 512 2756 Phoebum
526 2697 645 2777 pariter
660 2695 842 2772 Phoebique
858 2709 1012 2766 sororem,

198 2781 274 2841 (lum
291 2781 400 2860 quibus
414 2779 541 2842 Alcides
556 2788 589 2841 et
602 2782 670 2860 pias
685 2780 782 2838 Arcas
798 2781 880 2836 erat:

156 2865 294 2942 „Gnosia
308 2866 383 2925 vos“
397 2867 499 2944 inquit
513 2866 624 2944 „nobis
640 2864 826 2923 monimenta
841 2857 987 2918 dedistis:

199 2950 343 3027 cernite,
364 2968 453 3027 quam
467 2947 537 3028 plus
552 2951 610 3026 sit,
634 2946 774 3007 Caesaris
791 2961 860 3003 esse
875 2937 1025 3022 patrem.“

488 3149 491 3153 ¹
532 3081 656 3142 XXXV.

156 3180 284 3239 Artibus
297 3180 345 3238 his
362 3197 485 3258 semper
502 3198 625 3256 cenam,
646 3177 841 3251 Philomnse,
864 3173 1012 3247 mereris,

197 3261 334 3322 Plurima
353 3261 423 3322 dum
437 3265 544 3342 fingis,
562 3261 618 3323 sed
633 3263 805 3341 quasivero
820 3259 932 3318 refers.

158 3346 243 3425 Scis,
266 3344 340 3424 quid
353 3349 385 3405 in
398 3349 525 3407 Arsacia
539 3348 673 3406 Pacorus
689 3345 846 3405 deliberet
862 3341 947 3420 aula,

198 3432 409 3511 Rhenigenam
422 3451 564 3492 numeras
581 3431 839 3508 Sarmaticamque
855 3445 994 3499 manum;
