2370 3924
324 214 666 275 EPIGRAMMATON
682 216 757 282 LIB.
777 219 827 280 IV.
1056 221 1094 285 91

121 366 210 432 used
225 373 260 427 tu
275 384 387 426 nomen
403 367 499 427 hebes
515 384 621 426 everso
636 367 725 427 fonte
739 385 880 428 sororum

184 451 378 532 Impositum,
399 456 498 510 mater
514 449 596 528 quod
610 451 668 509 tibi
684 448 761 510 duro
776 450 879 528 dedit3
947 506 950 517 .

143 534 233 613 Quod
246 552 305 594 nec
319 532 535 614 Melpomene,
557 532 640 612 quod
654 552 713 594 nec
727 534 931 615 Polyhymnia
943 540 1057 620 possit,

184 619 249 678 Nec
264 619 316 697 pie
331 638 398 678 cum
414 618 542 677 Phoebo
556 617 661 678 dicere
678 616 828 699 Calliope.

141 703 225 781 Ergo
241 700 365 780 sliquod
382 706 501 779 gratum
516 701 615 762 Musis
626 702 684 761 tibi
698 721 811 762 nomen
825 702 951 786 adopts:

99 795 136 848 10
184 786 253 847 Non
267 803 392 865 semper
403 782 489 845 belle
506 783 620 845 dicitur
636 785 885 866 „Hippodsme.“

520 918 642 981 XXXII.

142 1032 185 1091 Et
195 1028 276 1092 lutet
291 1039 325 1092 et
337 1030 424 1092 lucet
436 1031 667 1092 Phaethontide
683 1029 807 1092 condita
821 1038 923 1111 gutta,

185 1114 229 1175 Ut
242 1115 384 1176 videatur
397 1116 462 1194 apis
476 1122 603 1176 nectere
619 1113 703 1174 clusa
718 1134 783 1176 suo.

141 1198 274 1277 Dignum
289 1205 446 1259 tentorum
459 1199 594 1279 pretium
610 1196 682 1258 tulit
695 1196 748 1257 illa
762 1196 919 1266 laborum:
975 1264 977 1269 ¹

186 1281 346 1344 credibile
361 1289 411 1344 est
424 1283 522 1363 ipsam
538 1283 582 1341 sic
597 1280 731 1342 voluisse
746 1282 834 1342 mori.

510 1414 645 1476 XXXIII.

140 1523 240 1585 Plena
253 1523 402 1587 laboretis
418 1527 615 1586 habear-cum
630 1527 743 1587 scrinia
754 1525 858 1605 libris,

184 1609 310 1669 Emittis
325 1628 438 1688 qnare,
461 1609 638 1686 Sosibione,
659 1608 761 1669 nihil?

142 1691 270 1772 „Edent
283 1685 441 1754 heredes“
454 1694 558 1772 inquis
574 1711 663 1768 „meo
681 1693 849 1756 cormius.“
874 1691 1026 1771 Quando?

185 1777 323 1857 Tempus
338 1783 406 1837 erst
419 1779 479 1837 iem
493 1784 543 1855 te,
566 1777 743 1855 Sosibiene,
765 1776 837 1857 legi.

504 1910 642 1972 XXXIV.

142 2020 275 2083 Sordide
290 2044 358 2084 cum
374 2025 432 2086 tibi
448 2025 505 2103 sit,
526 2031 766 2104 verumtamen,
788 2023 911 2104 Attsle,
934 2022 1026 2102 dixit,

185 2107 331 2188 Quisquis
345 2113 377 2169 te
391 2110 510 2169 niveam
525 2106 603 2169 dixit
616 2111 733 2170 hebere
750 2115 861 2187 togam.

514 2240 639 2304 XXXV.

140 2355 310 2416 Frontibus
328 2353 464 2415 adversis
479 2352 589 2415 molles
604 2373 792 2415 concurrere
805 2354 937 2416 dommus

184 2437 325 2500 Vidimus
342 2444 375 2500 et
387 2438 445 2497 lati
459 2445 544 2499 sorte
557 2440 661 2498 iacere
678 2441 755 2518 per.

142 2520 331 2602 Spectavere
344 2516 438 2584 eones
451 2520 597 2602 praedam
613 2523 791 2602 stupuitque
806 2524 956 2603 superbus

185 2605 341 2683 Venator,
363 2603 464 2667 cultro
480 2605 525 2666 nil
539 2625 705 2686 superesse
718 2626 783 2669 suo.

108 2694 128 2746 5
140 2687 232 2750 Unde
245 2687 465 2751 levcs'snimae
479 2695 566 2750 tento
580 2687 705 2750 coluere
719 2689 848 2751 furore?

184 2772 236 2833 Sic
250 2781 386 2853 pugnant
400 2775 497 2852 tauri,
515 2774 560 2833 sic
575 2773 718 2833 cecidere
732 2774 800 2832 viri.

508 2919 647 2984 XXXVI.

140 3033 227 3093 (lons
241 3039 290 3095 est
302 3036 398 3095 barba
412 3036 486 3114 tibi,
504 3037 592 3113 nIgrs
608 3040 656 3096 est
672 3054 772 3094 coms:
793 3034 916 3112 tingere
932 3032 1056 3091 barbam

181 3115 251 3176 Non
264 3124 372 3198 potes,
394 3120 472 3179 hoec
487 3138 577 3180 causa
592 3124 654 3178 est:
677 3116 734 3179 sed
748 3124 856 3197 potes,
877 3115 952 3194 010,
970 3135 1085 3176 comem

499 3252 651 3315 XXXVII.

137 3363 295 3442 „Centum
309 3365 447 3425 Coranus
462 3372 496 3426 et
512 3365 644 3427 ducents
658 3365 835 3442 Mancinus,

137 3447 299 3507 Trecenta
316 3447 410 3507 debet
425 3449 544 3528 Titius,
565 3451 625 3508 hoc
642 3449 688 3511 bis
705 3446 854 3529 Albinus,
