2370 3924
232 288 233 291 ,
339 224 681 285 EPIGRAMMATON
694 224 769 287 LIB.
786 225 821 287 11.
1064 226 1104 290 51

81 409 86 418 ·
120 383 250 458 5Atque
266 399 357 439 unam
372 379 488 439 vestire
504 378 619 437 tribum
635 383 686 436 tua
702 376 833 437 candida
847 391 992 459 possunt,

80 524 82 528 ,
185 462 309 544 Appula
323 482 386 523 non
400 482 461 522 uno
478 479 556 538 quae
574 479 669 538 grege
686 465 772 520 terra
787 460 869 524 tulit.

143 549 195 609 Tu
209 553 334 627 spectas
347 547 482 606 hiemem
496 545 646 605 succincti
661 543 764 605 lentus
782 547 871 606 amici

184 632 248 692 Pro
264 630 380 690 scelus!
402 635 435 690 et
450 628 560 689 lateris
573 628 692 706 frigora
706 630 782 689 trita
795 632 896 692 times.

142 717 297 794 Quantum
313 720 397 792 erat,
419 712 544 790 infelix,
563 714 673 792 panuia
688 713 833 774 fraudare
850 715 984 794 duobus,
1000 750 1040 761 —

98 811 134 864 10
185 798 268 877 Quid
281 799 417 858 metuis?
430 829 473 845 -·
487 816 550 856 non
564 802 613 874 te,
634 795 786 876 Nacvole,
808 798 865 859 aed
879 800 1005 861 tincas?

521 930 642 994 XLVII.

142 1044 282 1106 Subdola
296 1046 432 1104 famosae
448 1063 559 1104 moneo
574 1045 648 1122 fuge
662 1045 744 1104 retia
759 1046 922 1126 moechae,

184 1129 298 1189 Levior
314 1149 331 1188 o
349 1129 492 1205 conchis,
514 1126 624 1205 Galle,
644 1128 846 1206 Cytheriacia.

142 1213 282 1275 confidis
296 1213 442 1272 natibus?
463 1232 525 1271 non
540 1217 589 1271 est
602 1212 731 1292 paedico
746 1216 890 1274 maritus:

186 1299 271 1374 Quae
285 1298 380 1357 faciat
394 1295 454 1356 duo
470 1303 556 1356 sunt:
578 1297 708 1356 irrumat
723 1303 775 1357 ant
789 1299 892 1359 futuit.

512 1430 645 1492 XLVHL

142 1544 304 1623 Coponem
316 1542 493 1623 laniumque
508 1542 731 1624 balneumque,

143 1628 318 1688 Tonsorem
332 1627 528 1706 tabulamque
543 1625 742 1706 calculosque

140 1712 185 1772 Et
198 1731 329 1793 paucor,
351 1710 408 1771 aed
424 1719 458 1771 ut
473 1713 600 1790 eligam,
618 1710 763 1773 libellos:

140 1796 244 1856 Unum
258 1814 321 1855 non
333 1796 460 1856 nimium
475 1795 584 1856 rudem
598 1795 736 1857 sodalem

119 1880 185 1942 alit
199 1878 346 1958 grandem
360 1898 490 1960 puerum
505 1880 619 1959 diuque
633 1879 733 1959 levem

140 1965 184 2025 Et
199 1983 298 2023 caram
312 1982 411 2044 puero
425 1983 495 2024 meo
508 1964 659 2045 puellam:
744 1979 749 1989 ·
783 1965 786 1972 ”

140 2049 229 2108 Haec
241 2055 365 2129 praesta
379 2050 471 2126 mihi,
492 2049 589 2127 Rufe,
608 2048 659 2110 rel
671 2049 830 2127 Butuntia,

140 2133 184 2192 Et
198 2132 336 2192 thermas
350 2133 409 2192 tibi
423 2133 503 2193 habe
519 2133 718 2194 Neronianas.

521 2281 629 2344 XLIX.

140 2393 278 2453 Uxorem
292 2392 364 2454 nolo
380 2394 556 2455 Telesinam
573 2395 703 2457 ducere:
727 2396 843 2474 quare?

184 2476 319 2537 Moecha
333 2485 390 2541 eat.
422 2478 486 2539 Sed
500 2481 606 2560 pueris
622 2479 675 2542 dat
689 2479 845 2541 Telesina.
873 2476 966 2543 Volo.

560 2614 594 2675 L.

141 2723 233 2800 Quod
246 2721 339 2784 fellae
351 2729 384 2783 ct
398 2744 505 2802 aquam
519 2733 624 2806 potas,
645 2725 707 2803 nil,
729 2725 858 2803 Leabia,
879 2743 999 2806 peccata.

183 2807 252 2884 Qua
265 2808 324 2867 tibi
337 2814 428 2888 parte
444 2828 520 2889 opus
536 2816 601 2887 eat,
619 2810 750 2885 Lesbia,
772 2809 865 2868 sumis
879 2828 998 2888 aquam.

553 2942 602 3007 LI.

140 3052 228 3114 Unus
243 3070 337 3132 saepe
351 3054 410 3115 tibi
424 3059 490 3114 tota
506 3053 650 3116 denariua
666 3075 737 3115 arca

183 3137 261 3198 (ium
275 3137 317 3196 ait
330 3143 364 3197 et
376 3138 428 3198 hic
443 3136 513 3198 culo
528 3142 649 3218 tritior,
668 3138 782 3219 Hylle,
800 3147 870 3220 tuo,

138 3220 209 3281 Nou
224 3226 328 3281 tamen
341 3221 424 3282 hunc
438 3223 553 3302 pistor,
576 3227 638 3284 non
654 3224 777 3284 auferet
789 3226 872 3286 hunc
887 3226 945 3287 tibi
961 3245 1055 3306 copo,

183 3303 247 3365 Sed
262 3307 289 3365 ai
306 3306 374 3383 quis
388 3306 483 3366 nimio
497 3325 579 3387 pene
594 3309 744 3387 superbus
760 3311 830 3369 erit.
896 3378 898 3383 λ

113 3387 251 3451 tlnfclix
264 3394 375 3471 venter
390 3395 512 3471 spectat
526 3393 662 3451 convivia
678 3390 741 3451 culi

180 3474 223 3533 nt
237 3490 362 3553 semper
377 3475 472 3534 mirer
486 3475 538 3535 hic
552 3477 667 3556 esurit,
688 3474 744 3538 ille
759 3483 862 3543 uorat.

854 3560 900 3624 μ
