2370 3924
396 519 442 594 rr.
470 520 574 594 von
603 519 858 595 nunninus

311 688 942 786 llltltlltltl'ldlt

509 871 756 934 LIBERXII.

384 1057 452 1120 Vol.
469 1057 627 1118 Martialis
640 1059 747 1119 maro
761 1077 819 1119 cuo
834 1056 867 1118 S.

231 1168 308 1266 Scio
322 1221 371 1264 me
382 1203 585 1283 patrocinium
596 1200 713 1263 debere
727 1195 1011 1266 contumacissimae
1028 1206 1135 1264 trienni

148 1290 302 1365 desidiae3
339 1307 398 1367 quo
427 1284 610 1347 absolvenda
635 1305 698 1346 nou
719 1291 803 1346 esset
822 1287 906 1347 inter
929 1285 1002 1348 illas
1022 1306 1135 1367 quoque

91 1423 93 1428 .
147 1376 269 1434 urbicas
296 1372 530 1451 occupationes,
566 1370 675 1448 quibu·
701 1369 821 1430 facilius
849 1373 1084 1450 consequimur,
1108 1376 1136 1429 ut

147 1457 269 1519 molesti
283 1458 403 1536 potius,
431 1475 520 1533 quam
538 1459 572 1513 ut
592 1454 723 1514 officiosi
745 1472 815 1514 esse
829 1453 1006 1530 videamur;
1032 1455 1135 1515 nedum

126 1544 181 1606 oin
195 1544 252 1601 hac
268 1537 450 1620 proxinciali
465 1535 642 1616 solitudine,
655 1539 707 1598 ubi
717 1539 778 1598 uisi
792 1539 884 1599 etiam
898 1540 1135 1620 intemperanter

147 1624 320 1702 studemus,
343 1629 376 1683 ct
395 1623 462 1684 sine
484 1621 594 1682 solatio
612 1626 645 1681 et
658 1622 725 1682 sine
740 1623 936 1682 excusatione
952 1625 1134 1684 secessimus.

146 1711 262 1788 Accipe
282 1726 356 1786 ergo
376 1708 525 1766 rationem
536 1729 545 1781 ;
570 1707 602 1765 in
627 1725 686 1784 qua
705 1707 765 1766 hoc
785 1707 945 1766 maximum
967 1712 1001 1766 et
1012 1709 1135 1787 primum

146 1799 209 1870 est,
247 1789 329 1871 quod
352 1792 482 1850 civitatis
504 1808 609 1867 aures,
647 1790 755 1867 quibus
780 1808 990 1868 assueveram,
1018 1809 1134 1869 quaero,

147 1882 179 1936 et
193 1875 301 1936 videor
321 1875 394 1933 mihi
416 1876 448 1932 in
470 1874 569 1935 alieno
590 1875 658 1932 foro
673 1872 808 1952 litigare.
846 1875 878 1933 Si
895 1873 1036 1953 quidest
1053 1876 1134 1948 enim,

105 1959 228 2038 loquod
252 1961 285 2017 in
312 1956 431 2017 libellis
457 1960 533 2017 meis
559 1956 696 2037 placeat,
727 1957 852 2018 dictavit
878 1956 1008 2018 auditor.
1058 1956 1134 2017 lllam

144 2043 326 2102 iudiciorum
342 2041 561 2120 subtilitatem,
589 2040 667 2101 illud
689 2043 885 2101 materiarum
900 2043 1075 2120 ingenium,
1096 2042 1134 2100 bi-

144 2125 333 2205 bliothecas,
355 2127 492 2204 theatra,
517 2127 690 2202 conuictus,
711 2127 743 2184 in
765 2127 873 2204 quibus
889 2125 1017 2186 studere
1037 2144 1072 2186 ee
1091 2144 1134 2183 so-

143 2210 278 2290 luptates
307 2230 369 2270 non
394 2211 548 2287 sentiunt,
581 2209 619 2269 ad
644 2229 787 2269 summam
808 2211 940 2270 omnium
961 2208 1032 2288 illa,
1067 2225 1133 2288 quae

146 2293 270 2354 delicati
287 2293 485 2373 reliquimus,
509 2293 718 2353 desideramus
733 2295 819 2372 quasi
833 2293 984 2353 destituti.
1012 2291 1134 2354 Accedit

103 2379 191 2441 15his
207 2377 433 2455 municipalium
447 2380 556 2456 rubigo
577 2376 715 2438 dentium
735 2384 768 2438 et
783 2377 877 2437 iudici
897 2377 968 2437 loco
986 2375 1083 2455 livor,
1109 2381 1134 2433 et

144 2481 221 2520 unus
238 2466 290 2520 aut
305 2459 385 2520 alter
399 2462 488 2540 mali,
509 2464 541 2521 in
556 2459 670 2539 pusillo
685 2460 756 2521 loco
771 2460 874 2536 multi;
896 2460 1044 2521 adversus
1061 2457 1133 2539 quod

144 2543 274 2605 difficile
290 2545 462 2606 esthabere
478 2543 592 2605 cotidie
608 2547 720 2605 bonum
733 2547 929 2606 stomachum.
957 2545 1005 2605 Ne
1019 2544 1133 2604 mireris

142 2629 238 2708 igitur
252 2630 372 2691 abiecta
381 2630 418 2690 ab
427 2629 608 2710 indignante
620 2649 696 2708 quae
710 2651 725 2688 a
739 2632 892 2709 gestiente
901 2629 973 2688 lieri
988 2626 1132 2688 solebant.

143 2712 189 2773 Ne
218 2714 291 2794 quid
317 2722 419 2775 tamen
443 2721 476 2775 et
503 2713 678 2774 advenienti
701 2715 759 2774 tibi
780 2717 816 2774 ab
846 2715 924 2773 urbe
946 2719 980 2772 et
1006 2709 1134 2790 exigenti

102 2805 303 2878 iouegarem,
318 2833 362 2846 -
375 2801 424 2859 cui
435 2818 496 2858 non
512 2799 617 2858 r'efero
633 2800 777 2876 gratiam,
793 2800 952 2858 sitantum
968 2814 1005 2856 ea
1014 2802 1133 2876 praesto

144 2884 564 2962 quaepossum,-imperari
578 2884 663 2960 mihi,
679 2881 761 2961 quod
772 2880 936 2960 indulgere
943 2898 1134 2949 consueram

143 2973 176 3024 et
190 2965 294 3024 studui
304 2968 494 3045 paucissimis
510 2966 634 3044 diebus,
650 2972 685 3026 ut
696 2964 948 3027 familiarissimas
962 2965 1040 3025 mihi
1053 2980 1134 3023 aures

143 3053 211 3106 tuas
226 3049 401 3127 exciperem
418 3049 597 3111 adventoria
611 3070 673 3111 sua.
710 3051 759 3110 'lu
773 3049 864 3110 velim
878 3051 955 3127 ista,
979 3067 1058 3128 quae
1076 3056 1134 3108 tau-

141 3136 204 3190 tum
230 3131 310 3211 apud
329 3138 362 3193 te
382 3153 443 3194 non
466 3134 699 3213 periclitantur,
734 3134 900 3212 diligenter
921 3134 1087 3193 aestimare
1108 3136 1136 3189 et

99 3222 287 3276 ibexcutere
300 3235 362 3274 non
377 3220 528 3295 graveris3
551 3225 599 3296 et,
616 3217 697 3298 quod
712 3220 769 3278 tibi
786 3215 1002 3277 difficillimum
1020 3223 1088 3294 est,
1102 3214 1135 3274 de

141 3300 230 3376 nugis
251 3300 366 3359 nostris
386 3298 505 3361 iudices
525 3304 628 3362 nitore
648 3303 801 3383 seposito,
829 3321 869 3361 ne
884 3302 1029 3379 Romam,
1054 3303 1081 3361 si
1099 3302 1135 3358 ita

141 3378 335 3463 decreveris,
362 3403 423 3444 uon
439 3384 675 3465 Hispaniensem
688 3388 858 3464 mittamus,
888 3385 944 3445 red
960 3385 1135 3466 Hispanum.
