2370 3924
331 233 672 296 EPIGRAMMATON
681 236 755 298 LIB.
770 237 821 299 lX.
1033 240 1097 306 2⁰9

177 386 382 452 Mandassent
395 387 534 446 manibus
549 385 658 464 gaudia
672 386 765 447 foeda
779 389 850 450 auia.

133 475 235 558 Ipsam
250 469 345 532 crede
359 471 417 530 tibi
432 476 572 529 naturam
589 470 695 530 dicere
710 489 830 532 rerum:

89 571 126 625 ιο
175 555 283 638 „Istud
298 554 381 635 quod
395 554 516 632 digitis,
538 554 685 633 Pontice,
707 555 833 635 perdia,
855 557 947 619 homo
962 562 1044 622 est.“

526 688 618 751 XLII.

138 805 264 886 Campis
278 804 364 865 dives
379 800 493 883 Apollo
508 804 553 863 sic
567 803 710 879 marinis,

135 890 189 951 Sic
203 906 327 969 semper
341 889 467 947 senibus
482 887 587 947 fruare
603 888 725 966 cygnis,

134 974 252 1034 Doctae
268 974 312 1032 sic
326 973 385 1032 tibi
400 972 537 1030 serviant
550 989 691 1049 sorores,

132 1057 200 1118 Nec
214 1055 346 1136 Delphis
360 1061 411 1115 tua
426 1055 591 1114 mentiatur
607 1051 681 1133 ulli,

114 1140 192 1206 asic
205 1140 322 1201 Palatia
337 1145 370 1199 te
384 1136 489 1199 colant
504 1143 683 1217 amentque:

134 1225 189 1284 Bis
206 1242 297 1284 senos
312 1224 374 1283 cito
387 1228 421 1282 te
436 1227 566 1301 rogante
579 1222 680 1281 fasces

133 1310 197 1370 Det
210 1305 327 1369 Stellae
341 1308 440 1367 bonus
456 1310 630 1385 annuatque
647 1306 770 1366 Caesar.

87 1401 90 1405 ’
133 1391 227 1455 Felix
241 1398 314 1452 tunc
330 1410 387 1471 ego
403 1389 589 1468 debitorque
602 1390 666 1449 voti

135 1478 285 1539 Casurum
299 1476 357 1536 tibi
373 1476 504 1535 rusticas
519 1472 558 1532 ad
572 1493 640 1533 aras

93 1562 251 1625 toDucam
267 1560 411 1620 cornibus
427 1558 529 1619 aureis
543 1558 714 1618 iuvencum.

133 1645 215 1706 Nata
228 1649 277 1704 est
290 1643 408 1722 hostia,
429 1642 573 1717 Phoebe3
596 1639 670 1721 quid
685 1640 837 1701 moraris‘i

521 1776 625 1838 XLlil.

135 1893 198 1953 Hic
215 1893 267 1972 qui
282 1891 359 1952 dura
373 1890 487 1952 sedena
500 1895 647 1974 porrecto
662 1909 733 1951 saxa
746 1888 838 1951 leone

178 1975 305 2056 Mitigat
320 1976 429 2054 exiguo
444 1993 570 2054 magnus
583 1976 617 2035 in
631 1993 704 2034 aere
721 1973 814 2052 deus,

136 2061 286 2138 Quaeque
298 2057 387 2138 tulit,
410 2065 530 2140 spectat
545 2060 693 2140 resupino
708 2057 812 2118 sidera
825 2058 928 2140 voltu,

180 2143 274 2204 Cuius
288 2141 377 2204 laeva
390 2141 472 2204 calet
485 2144 617 2222 robore,
639 2142 748 2202 dextra
760 2160 863 2201 mero:

112 2226 208 2292 5Non
224 2234 273 2288 est
286 2227 367 2288 iama
380 2246 492 2287 recens
506 2245 564 2286 nec
578 2227 679 2287 nostri
694 2224 792 2303 gloria
807 2224 903 2301 caeli3
921 2298 924 2303 Ι

180 2309 293 2373 Nobile
307 2312 436 2392 Lysippi
451 2329 559 2370 munus
575 2325 713 2390 opusque
729 2307 825 2369 vides.

135 2395 207 2456 Hoc
221 2395 330 2457 habuit
342 2414 457 2455 numen
471 2393 591 2455 Pellaei
605 2412 711 2454 mensa
728 2394 867 2473 tyranni,

180 2480 239 2556 Qui
254 2480 316 2541 cito
329 2478 505 2561 perdomito
520 2480 619 2540 victor
635 2480 668 2539 in
683 2479 759 2537 orbe
777 2479 867 2539 iacet.

135 2564 228 2624 Hunc
241 2583 320 2644 puer
335 2563 374 2624 ad
387 2563 518 2643 Libycas
535 2564 690 2624 iuraverat
704 2560 859 2622 Hannibal
874 2582 958 2638 arasa

88 2660 129 2713 10
179 2648 314 2709 iusserat
327 2648 379 2708 hic
394 2647 510 2708 Sullam
523 2666 643 2727 ponere
660 2665 756 2724 regna
771 2652 899 2707 trucem.

135 2732 282 2793 Offensus
296 2733 399 2792 variae
414 2731 538 2792 tumidis
553 2730 728 2790 terroribus
743 2726 830 2788 aulae

179 2815 320 2877 Privatos
334 2815 447 2895 gaudet
459 2834 541 2874 nunc
555 2814 697 2873 habitare
711 2810 803 2874 lares.

134 2899 242 2980 thue
258 2899 318 2959 iuit
336 2900 488 2981 qnondam
502 2895 618 2979 placidi
635 2896 760 2957 conviva
774 2894 949 2977 Molorchi,

181 2983 233 3043 Sic
250 2985 347 3044 voluit
362 2983 446 3045 docti
462 2982 602 3046 Vindicis
618 3000 687 3042 esse
702 2979 790 3046 deus.

523 3119 629 3181 XLIV.

134 3231 271 3296 Alciden
286 3234 377 3295 modo
394 3235 558 3298 Vindicem
571 3236 715 3314 rogabam

134 3316 232 3383 Esset
248 3320 333 3380 cuins
348 3339 424 3400 opus
439 3319 590 3399 laborque
605 3318 690 3379 felix.

133 3401 236 3482 Risit,
258 3423 328 3464 nam
342 3403 425 3467 solet
439 3405 515 3484 hoc,
533 3402 657 3484 levique
675 3409 752 3463 nutu

134 3486 282 3566 „Graece
298 3488 467 3570 numquid“
482 3489 525 3550 ait
539 3492 671 3570 „poeta,
693 3486 820 3548 nescis?

136 3570 246 3633 Maur,
861 3567 911 3634 li.
