2370 3924
326 229 663 294 EPIGRAMMATON
675 233 752 302 LIB.
774 231 839 296 XII.
1046 231 1109 297 298

191 383 256 446 Res
272 402 335 444 una
348 388 414 461 est,
435 385 502 442 sine
516 401 566 443 mc
581 403 670 461 quam
683 384 776 461 facis,
799 390 832 445 ct
846 389 944 447 taceo.

125 464 204 533 olii]
217 474 321 529 tamen
336 468 459 528 omnino
473 472 613 547 praestas
628 467 713 527 mihi.
742 466 948 546 „Mortnua,“
963 468 1082 549 inquis,

192 551 374 633 „Accipiam
388 553 468 612 bene
483 550 550 612 te.“
577 550 629 611 Nil
642 549 730 610 volo:
752 549 808 612 sed
821 569 956 616 morere.

547 683 624 744 XLI.

74 654 115 675 ff

74 832 120 847 -··
147 800 221 865 Non
235 809 299 883 est,
322 803 444 882 Tucca,
465 805 556 881 satis,
579 802 661 881 quod
678 820 712 863 ea
727 801 867 881 gulosust

74 920 95 933 -
146 884 193 949 Et
205 885 268 948 dici
282 888 368 968 cupis
383 892 416 946 et
430 888 516 967 cupis
530 885 640 947 videri.

542 1019 634 1082 XLII.

147 1128 300 1193 liniatus
315 1130 416 1210 rrgIdo
431 1133 537 1212 nupsit
551 1129 750 1193 Callistratus
763 1133 858 1211 Afro,

98 1252 111 1263 --
193 1214 260 1275 Hac
276 1233 334 1293 qua
347 1214 419 1293 lege
434 1217 501 1276 viro
518 1216 637 1279 nubere
653 1217 739 1294 virgo
754 1214 844 1276 aoIet.

147 1295 339 1361 Praeluxere
352 1301 454 1377 faces,
475 1297 617 1358 velarunt
631 1301 772 1359 flammea
785 1298 903 1377 voltus,

74 1426 116 1439 -,
190 1382 257 1444 Nec
269 1387 324 1442 tua
338 1382 508 1442 defuerunt
520 1383 630 1461 verba,
649 1381 796 1459 Talasse,
818 1382 885 1444 tibi.

125 1466 214 1529 dlioa
228 1467 321 1528 etiam
337 1465 419 1526 dicta
433 1472 490 1526 est.
519 1465 661 1526 Nondum
675 1468 749 1545 tibi,
770 1467 881 1545 Roma,
901 1465 1024 1527 videtur

191 1550 261 1611 lloc
276 1551 373 1610 satis?
395 1556 539 1631 expectas
555 1550 704 1629 numquid
719 1557 754 1611 ut
768 1557 802 1611 et
813 1550 938 1631 pariat?

536 1683 643 1747 XLIII.

146 1792 312 1857 Facundos
326 1797 402 1856 mihi
417 1793 456 1856 de
470 1794 646 1858 libidinosis

145 1876 267 1957 Legisti
282 1881 425 1958 nimium,
448 1878 591 1959 Sabelle,
612 1899 737 1961 versus,

74 1960 266 2051 ..Quales
279 1982 339 2025 nec
353 1963 503 2043 Didymae
519 1967 621 2025 sciunt
635 1965 775 2046 puellae',

74 2028 214 2107 'Nec
229 2044 341 2108 molles
354 2046 579 2127 Elephantidos
591 2046 703 2112 libelli.

125 2128 233 2195 osdra
244 2128 311 2192 illlc
325 2132 460 2195 Veneris
475 2151 571 2192 novae
585 2134 721 2212 figurae,

93 2213 265 2292 -qnales
281 2215 423 2294 perditus
438 2215 549 2275 audeat
562 2216 697 2276 fututor.

89 2340 102 2353 ..
146 2296 315 2359 Praestent
328 2305 361 2359 et
374 2304 497 2359 taceant
513 2299 586 2377 qnid
602 2298 734 2376 exoleti,

150 2381 219 2459 Quo
233 2382 455 2464 symplegmate
471 2384 606 2461 quinque
621 2381 822 2463 copulentur,

117 2486 120 2493 ·
147 2465 217 2544 Qua
232 2465 339 2546 plures
352 2473 519 2527 tencantur
535 2487 551 2525 a
566 2473 689 2545 catena,

104 2549 321 2613 loExtinctam
336 2549 432 2611 liceat
449 2550 522 2629 quid
537 2549 576 2611 ad
590 2549 757 2614 lucernam.

148 2632 244 2694 Tanti
257 2653 319 2695 non
333 2641 417 2715 erat,
440 2653 508 2696 esse
523 2642 556 2695 te
571 2634 729 2699 disertum.

535 2768 642 2829 XLIV.

147 2880 266 2958 Unice,
288 2886 417 2959 cognato
434 2879 572 2939 iunctum
587 2880 663 2940 mihi
679 2879 825 2956 sanguine
842 2895 971 2953 nomen,

191 2964 251 3039 Qui
266 2965 349 3042 geris
363 2970 397 3024 et
412 2963 515 3024 studio
531 2964 625 3023 corda
639 2963 811 3044 propinqua
825 2979 910 3036 meo;

147 3047 293 3110 carmina
307 3067 374 3108 cum
390 3048 483 3108 iacias
498 3047 555 3108 soli
570 3047 714 3108 cedentia
727 3047 835 3123 fratri,

188 3132 323 3192 Pectore
337 3150 400 3191 non
413 3133 513 3191 minor·
528 3150 578 3210 es,
600 3132 656 3192 sed
669 3131 786 3210 pietate
799 3130 895 3210 prior.

122 3214 261 3278 §Lesbia
275 3235 343 3274 cnm
355 3221 465 3274 tenero
480 3221 513 3275 te
528 3221 635 3296 posset
649 3233 750 3273 amare
769 3211 909 3292 Catullo,

190 3298 238 3359 Te
253 3306 325 3378 post
341 3299 492 3358 Nasonem
507 3298 619 3358 blanda
635 3298 770 3357 Corinna
784 3298 880 3375 sean.

143 3382 213 3443 Nec
228 3379 359 3443 deerant
374 3382 530 3462 Zephyri,
551 3383 625 3441 site
641 3380 716 3441 dare
732 3380 803 3442 vela
815 3383 953 3446 iuvaret3

188 3465 254 3527 Sed
267 3464 389 3527 tullius
404 3485 494 3528 amas.
520 3465 590 3525 Hoc
604 3485 727 3546 quoque
743 3466 850 3526 fratris
863 3466 970 3527 habes.
