2370 3924
89 235 127 299 12
411 236 456 298 Μ.
471 232 563 296 vni..
577 232 803 296 MARTIALIS

255 388 329 466 Cui,
350 384 452 448 lector
465 385 619 465 studiose,
642 384 725 466 quod
739 384 853 446 dedisti

141 484 157 534 5
253 473 379 533 Viventi
394 469 488 531 decus
502 481 594 550 etque
607 471 769 548 sentienti,

253 554 327 653 Rari
339 560 410 636 post
425 555 546 615 cineres
559 554 676 633 hahent
688 559 811 634 poetae.

587 717 621 777 11.

171 834 230 910 Qui
240 838 344 896 tecum
361 850 398 891 cn
420 832 446 891 ia
462 849 531 891 esse
546 848 631 890 meos
645 830 819 909 ubicunque
832 825 961 889 libellos

210 917 253 977 Et
267 850 520 994 comiteslongae
536 914 659 993 quaeris
671 914 787 974 habere
799 913 882 990 viae,

170 1001 236 1062 Hos
249 1017 333 1077 erne,
357 1018 433 1078 qnos
447 1004 527 1059 artat
538 999 683 1060 brevibus
697 997 875 1057 membrana
885 994 1026 1057 tabellis:

214 1084 334 1144 Scrinia
346 1081 384 1143 da
397 1084 529 1161 maguis,
551 1098 600 1142 me
615 1100 720 1141 manus
734 1100 794 1141 una
808 1081 898 1160 capit.

114 1159 117 1185 ¹
142 1167 216 1230 5Ne
229 1172 332 1227 tamen
344 1168 469 1245 ignores
487 1167 538 1227 ubi
553 1168 609 1227 aim
622 1164 755 1242 venalia,
777 1169 809 1223 et
825 1182 912 1223 erres

212 1251 298 1313 Urbe
312 1268 404 1328 vagos
419 1257 502 1328 tota,
523 1266 572 1310 me
585 1248 663 1309 duce
681 1253 784 1309 certus
799 1249 877 1308 eris:

170 1334 332 1396 Libertum
347 1332 430 1396 docti
443 1333 593 1394 Lucensis
610 1351 724 1412 quaere
739 1330 913 1392 Secundum

203 1417 331 1478 Limina
344 1424 417 1498 post
429 1419 518 1479 Pacis
532 1415 766 1496 Palladiumque
780 1416 889 1476 iorum.

580 1579 628 1641 111.

141 1690 143 1692 ’
173 1692 368 1772 Argiletanas
379 1693 473 1752 mavis
484 1692 625 1752 habitare
639 1693 800 1768 tabernas,

214 1778 291 1839 Cum
304 1777 381 1854 tibi,
402 1794 496 1856 parve
508 1774 609 1853 liber,
632 1775 745 1835 scrinia
759 1779 866 1834 nostra
880 1779 996 1833 vacent,

170 1860 294 1939 Nescis,
317 1861 395 1938 hen,
417 1860 519 1919 nescis
535 1856 676 1918 dominae
689 1856 814 1919 fastidia
827 1857 959 1917 Romae:

214 1944 319 2006 Crede
330 1944 422 2021 mihi,
444 1944 569 2003 nimium
580 1943 695 2004 Martia
708 1943 799 2003 turba
813 1942 902 2022 sapit.

141 2028 467 2108 5Maiores'nnsqucm
481 2028 612 2087 rhonchi
621 2064 640 2106 ,·
654 2029 842 2106 iuvenesque
855 2042 1007 2105 senesque

212 2113 255 2172 Et
266 2115 356 2192 pueri
371 2132 476 2172 nasum
492 2113 699 2172 rhinocerotis
713 2112 838 2171 hebent.
941 2112 947 2123 '

170 2195 317 2257 Audieris
332 2216 400 2257 curn
413 2195 529 2276 grande
548 2197 679 2277 sophos,
702 2195 773 2255 dnm
787 2194 872 2254 basia
886 2194 981 2254 iactas

213 2281 275 2341 Ihis
291 2283 327 2342 ab
344 2300 471 2342 excusso
486 2282 595 2341 missus
607 2282 639 2340 in
653 2287 735 2340 nstra
751 2297 832 2357 sago.

171 2363 235 2426 Sed
250 2371 284 2425 tn
297 2384 337 2424 ne
348 2367 464 2425 totiens
479 2365 592 2425 domlni
607 2365 725 2444 patiere
738 2362 848 2423 lituras

133 2458 163 2510 ιο
215 2448 300 2509 Neve
313 2455 403 2509 notet
416 2447 500 2509 lusus
513 2450 611 2508 tristis
625 2446 764 2508 harundo
779 2452 864 2524 tuos,

171 2533 353 2613 Aetherias,
369 2531 499 2611 lascive,
522 2533 607 2612 cupis
620 2529 751 2593 volitare
764 2550 823 2612 per
837 2548 941 2590 aurose

212 2617 241 2695 1,
263 2617 354 2696 foge;
376 2615 433 2677 sed
444 2624 569 2698 poteras
583 2618 681 2677 tutior
697 2633 766 2676 ease
783 2614 873 2675 domi.

578 2779 628 2842 lv.

172 2890 348 2970 Contigeris
362 2898 503 2969 nostros,
527 2891 657 2970 Caesar,
679 2892 705 2952 si
719 2891 803 2952 forte
817 2888 960 2970 libellos,

213 2975 383 3035 Terrarum
395 2973 549 3034 dominnm
560 2994 642 3054 pone
656 2975 862 3055 supercilium.

171 3057 369 3119 Consuevere
380 3059 465 3117 iocos
480 3060 576 3120 vestri
592 3077 714 3139 quoque
730 3060 817 3121 ferre
831 3058 980 3139 triumphi

212 3141 375 3202 Materiam
392 3141 483 3202 dictis
498 3161 557 3202 nec
570 3141 667 3223 pudet
683 3162 751 3204 esse
767 3142 886 3207 ducem.
989 3174 992 3180 ·

141 3225 236 3301 5an
252 3223 425 3304 Thymelen
441 3233 562 3305 spectas
578 3226 809 3307 derisoremque
825 3229 981 3305 Latinum,

211 3307 267 3368 llla
280 3310 384 3369 fronte
400 3328 512 3390 precor
529 3313 662 3372 carmina
676 3319 783 3372 nostra
799 3310 894 3390 legas.

102 3440 111 3493 ἱ
169 3392 319 3453 Innocuos
335 3411 464 3454 censura
479 3401 583 3475 potest
598 3398 782 3477 permittere
795 3394 897 3456 lusus:

94 3494 113 3562 ,²
209 3477 338 3537 Lasciva
353 3484 402 3538 est
417 3480 505 3540 nobis
520 3481 647 3561 pagine,
669 3481 730 3541 vita
746 3481 852 3561 proha.
