2370 3924
314 251 653 315 EPIGRAMMATON
667 253 741 316 LIB.
756 254 821 316 XII.

128 409 173 470 lit
188 425 256 467 cum
271 403 399 465 lucerna
412 423 588 485 corneoque
604 413 726 466 cratere

128 489 262 554 Matella
277 494 366 549 curto
379 497 471 568 rupta
483 488 584 549 latere
600 491 743 550 malebat.

130 575 217 636 Foco
230 574 343 634 circuti
359 574 485 633 suberat
498 573 663 653 amphorae
679 573 797 633 cervix:

87 659 238 724 15Fuisse
252 675 361 736 gerres
377 662 428 716 aut
441 656 568 718 Inutiles
583 676 706 717 maenas

131 742 218 805 Odor
232 739 403 822 impudicus
418 742 506 801 urcei
519 740 692 814 fatebatur,

131 824 259 904 Qualem
275 825 411 884 marinae
425 825 509 885 misit
524 844 596 886 aura
610 827 757 904 piscinae.

129 912 196 971 Nec
212 907 327 987 quadra
342 906 450 968 deerat
465 910 546 969 casei
561 907 734 987 Tolosatis,

131 993 298 1072 Quadrima
312 992 393 1071 nigri
408 1010 467 1052 nec
482 1012 595 1054 corona
607 992 693 1073 pulei

87 1076 304 1155 accalraeque
318 1081 419 1135 restes
434 1074 571 1156 alliaque
586 1077 752 1156 cepisque,

129 1162 196 1222 Nec
210 1160 302 1240 plena
316 1161 401 1239 turpi
416 1163 523 1220 matris
538 1158 600 1220 olla
614 1161 734 1239 resina,

132 1244 386 1307 Summoeniauae
402 1263 461 1322 qna
474 1243 611 1323 pilantur
626 1261 748 1304 uxores.

131 1329 215 1406 Quid
227 1329 350 1407 quaeris
365 1326 458 1386 aedes
471 1327 641 1407 vilicesque
657 1326 799 1406 derides,

130 1414 281 1473 Habitare
295 1411 407 1490 gratis,
430 1430 447 1469 o
463 1411 615 1490 Vacerra,
638 1431 705 1471 cum
719 1411 842 1491 possirl

88 1498 216 1562 aenaea
230 1495 416 1556 sarcinarum
430 1513 542 1576 pompa
556 1496 700 1556 convenit
713 1497 810 1575 ponti.

500 1655 635 1718 XXXIII.

131 1772 176 1834 Ut
189 1787 304 1850 pueros
319 1775 439 1830 emeret
452 1768 622 1847 Labienus,
644 1768 784 1830 vendidit
796 1771 915 1830 hortos.

173 1853 226 1914 Nil
241 1853 301 1913 nisi
315 1854 440 1913 ficetum
454 1871 536 1912 nunc
549 1852 702 1914 Labienur
716 1855 819 1918 habet.

498 2016 636 2079 XXXIV.

133 2128 276 2207 Trigiuta
289 2129 364 2188 mibi
382 2134 588 2208 quattuorque
602 2149 718 2191 messes

133 2211 267 2290 Tecum,
290 2213 315 2272 ri
330 2213 468 2290 memmi,
491 2213 596 2290 fuere,
617 2212 685 2277 lali.

133 2297 268 2372 Quarum
282 2294 384 2355 dulcia
397 2297 489 2356 mirta
504 2303 575 2356 sunt
589 2299 716 2374 amaris,

134 2379 197 2440 Sed
209 2379 341 2440 iucunda
355 2385 458 2439 tamen
472 2381 562 2440 lucre
575 2379 673 2460 plura.

109 2464 175 2528 aut
189 2464 217 2523 si
231 2462 364 2524 calculus
380 2465 478 2525 omnIs
494 2466 554 2524 huc
568 2470 601 2524 ct
614 2461 691 2524 illuc

132 2548 279 2608 Diversus
293 2545 475 2628 bicolorque
490 2548 664 2628 digeratur,

132 2632 246 2693 Vincet
261 2630 391 2690 candida
404 2635 494 2692 turba
509 2635 686 2712 nigriorem.

132 2714 165 2776 Si
181 2717 280 2775 vitare
295 2714 380 2775 soles
395 2717 506 2775 acerba
524 2715 671 2794 quaedam

130 2800 172 2859 nt
184 2800 291 2859 tristes
308 2800 400 2858 animi
416 2818 524 2858 carere
539 2818 674 2876 morsus,

88 2880 216 2947 10Nulli
232 2889 264 2943 te
278 2883 372 2942 facias
386 2883 476 2941 nlmis
491 2881 636 2945 sodalem.

132 2965 289 3028 Gaudebis
304 2967 419 3044 minus,
442 2973 474 3025 ct
493 2969 591 3026 minus
607 2964 735 3027 dolebis.

445 3115 455 3130 ‘
506 3117 630 3180 XXXV.

132 3226 291 3306 Tanquam
305 3225 489 3306 simpliciter
502 3246 638 3306 mecum,
662 3223 856 3304 Callistrato,
876 3227 974 3309 viras,

172 3310 287 3371 Dicere
300 3312 455 3391 percisum
467 3317 500 3372 te
514 3312 589 3370 mibi
606 3329 698 3390 saepe
712 3307 804 3374 soles.

128 3393 199 3458 Non
217 3412 251 3455 ea
265 3401 325 3455 tam
340 3394 486 3476 simplex,
509 3414 596 3473 quam
612 3396 674 3472 ris,
697 3393 892 3475 Callistrate,
915 3393 1011 3458 credi

172 3479 248 3539 Nam
265 3480 403 3559 quisquis
419 3485 525 3541 narrat
539 3476 630 3560 talia,
652 3477 740 3561 plura
753 3486 849 3540 tacet.

829 3563 895 3626 ab*

1027 252 1087 318 291
