2370 3924
90 214 154 306 '312
416 240 809 312 mvonomasmms

478 443 555 504 XLI.
578 443 746 507 Porcellus.
827 458 831 465 '

176 556 272 618 Lacte
288 576 374 618 mero
388 563 508 638 pastum
522 556 630 636 pigrae
646 558 721 617 mibi
735 560 843 619 matris
862 557 1019 622 alumnum

217 641 333 721 Ponat,
355 648 388 701 et
402 639 515 701 Aetolo
531 639 570 699 de
585 659 639 700 sue
654 640 739 701 diros
753 641 835 702 edat.

384 764 475 825 XLII.
497 765 638 845 Apyrina
652 773 682 826 et
699 767 831 828 tuberes.

174 863 244 925 Non
258 865 315 924 tibi
330 861 369 922 de
384 862 508 941 Libycis
524 864 651 922 tuberes
667 868 700 923 et
713 864 842 943 apyrIna
856 868 970 945 ramis,

216 948 263 1007 De
277 947 476 1007 Nomentanis
490 945 547 1005 sed
563 945 667 1006 damus
681 949 853 1008 arboribus.

388 1120 398 1140 .
498 1073 602 1135 XLIII.
625 1075 720 1138 idom.

174 1170 270 1231 Lecta
286 1171 467 1230 suburbanis
484 1171 647 1230 mittuntur
661 1173 789 1251 apyriua
803 1174 896 1234 ramis

216 1255 258 1314 Et
271 1272 384 1314 vernae
399 1254 534 1313 tuberes.
566 1254 648 1331 Quid
661 1256 720 1316 tibi
735 1276 802 1316 cum
816 1256 971 1337 Libycis?

480 1379 588 1443 XLIV.
610 1379 739 1445 Sumen.

176 1479 253 1540 Io'sse
267 1485 357 1559 putes
370 1478 506 1539 nondum
521 1498 643 1554 smnen3
665 1482 709 1541 sic
723 1482 821 1542 ubere
837 1481 928 1561 largo

216 1564 258 1623 Et
271 1564 340 1623 fluit
355 1568 388 1622 et
404 1564 470 1622 viro
484 1562 565 1622 lacte
579 1563 696 1644 papilla
709 1572 818 1628 tumet.

415 1687 508 1749 XLV.
532 1687 618 1749 Pulli
627 1690 805 1770 gallinacei.

175 1786 209 1846 Si
222 1786 357 1863 Libycae
371 1784 460 1842 nobis
474 1782 616 1845 volucres
633 1792 665 1845 et
681 1784 830 1845 Phasides
848 1795 976 1867 essent,

218 1869 405 1947 deciperes,
423 1873 457 1927 tu
471 1887 551 1927 nunc
568 1871 674 1949 accipe
689 1870 806 1928 chortis
822 1889 902 1931 aves.

478 1994 584 2055 XLVI.
608 1995 740 2056 Persica.

174 2094 257 2156 Vilia
271 2093 417 2151 maternis
435 2093 589 2152 fueramus
603 2113 777 2173 praecoqua
794 2097 901 2155 ramis:

216 2178 302 2237 Nunc
317 2178 349 2235 in
364 2174 514 2255 adoptivis
529 2178 655 2236 Persica
670 2197 739 2236 cara
754 2198 865 2239 sumus.

400 2307 520 2368 XLVII.
542 2308 643 2366 Panes
660 2307 819 2367 Picentini.

175 2405 338 2463 PicentIna
358 2404 455 2464 Ceres
469 2407 559 2464 niceo
575 2405 619 2463 sic
633 2411 760 2463 nectare
777 2406 905 2483 crescit,

217 2489 260 2547 Ut
273 2484 352 2545 levis
368 2494 494 2567 accepta
511 2489 638 2567 spongia
653 2494 757 2565 turget
772 2508 857 2567 aqua.

474 2616 607 2677 XLVIII.
633 2617 747 2677 Boleti.

173 2730 344 2806 Argentum
362 2736 454 2808 atque
472 2750 576 2789 aurum
597 2727 691 2788 facile
707 2735 755 2788 est
768 2727 954 2808 laenamque
970 2739 1107 2810 togamqu

213 2813 359 2890 MIttere,
380 2813 502 2874 boletos
517 2815 642 2873 mittere
658 2811 824 2873 difficilest.

468 2939 573 3002 XLIX.
597 2938 759 3000 bocconia.

175 3051 251 3111 Cum
267 3070 316 3110 mc
329 3053 406 3113 ficus
421 3053 498 3132 alat,
521 3073 588 3112 cum
602 3072 711 3132 pascar
726 3050 867 3111 dulcibus
883 3053 968 3130 uvis,

216 3134 278 3194 Cur
294 3137 397 3214 potius
413 3156 525 3196 nomen
541 3156 603 3195 non
618 3136 705 3195 dedit
720 3155 776 3195 uva
793 3135 890 3215 mihi‘?

451 3264 486 3324 L.
515 3262 630 3324 Terrae
644 3262 763 3322 tubero.

171 3371 350 3451 Rumpimus
365 3370 506 3433 altricem
519 3380 630 3432 tenero
647 3392 724 3452 quae
738 3373 855 3431 vertice
870 3377 988 3431 terram

216 3455 358 3533 Tubero,
379 3454 493 3515 boletis
508 3477 597 3537 poma
612 3456 747 3516 secunda
761 3475 872 3515 sumus.
