2370 3924
315 225 654 290 EPIGRAMMATON
667 225 742 287 LIB.
758 225 809 288 Vl.
1026 225 1087 289 13³

127 381 188 445 ille
202 387 291 443 retus
304 399 362 460 pro
379 385 412 438 te
426 380 606 458 patriusque
623 376 698 457 quid
711 384 800 456 optet
815 378 946 455 amicus,

173 466 289 545 Accipe
307 464 432 523 ethaeo
447 464 576 522 memori
592 469 722 542 pectore
735 468 806 520 vota
820 467 910 521 tenet

104 552 230 615 aurata
244 550 286 609 sit
301 552 337 607 ιιι
350 547 465 624 virtus,
485 565 544 606 nec
559 552 590 606 tc
604 546 788 606 temerarius
802 544 894 605 ardor

172 636 206 696 ln
221 631 340 693 medios
355 649 446 694 enses
460 648 610 707 saevaque
624 628 689 689 tela
705 629 795 688 ferat.

126 716 219 780 Bella
233 713 332 778 velint
345 716 542 794 Martemque
556 714 657 774 ferum
670 713 799 773 rationis
815 718 959 792 egentes,

173 802 223 862 'l'u
236 805 327 881 potes
344 805 378 860 et
390 800 488 879 patris
503 798 593 858 miles
609 804 642 858 et
656 815 725 858 esre
741 795 836 857 ducis.

512 931 619 994 XXVl.

125 1029 330 1094 Periclitatur
344 1031 445 1110 capite
460 1027 591 1090 Sotades
605 1036 721 1090 noster.

126 1119 227 1178 Reum
242 1115 359 1197 putatis
374 1132 444 1174 esse
460 1112 619 1173 Sotaden?
641 1133 703 1173 non
718 1120 775 1174 est.

125 1201 278 1278 Arrigere
293 1196 375 1259 desit
389 1215 482 1278 posse
497 1195 643 1257 Sotades:
665 1195 767 1276 lingit.

502 1331 624 1393 XXVll.

124 1431 180 1491 Bia
195 1430 296 1491 vicine
310 1429 414 1508 Nepos
429 1463 470 1476 -
483 1448 553 1488 nam
568 1435 603 1488 ιιι
618 1446 740 1507 quoque
752 1427 891 1506 proxima
902 1426 1015 1489 Florae

169 1512 283 1574 lncolis
297 1519 330 1573 et
344 1517 469 1573 veteres
485 1520 520 1573 tu
535 1531 656 1591 quoque
670 1510 806 1573 Ficelias
820 1545 863 1557 -

125 1601 186 1661 Est
200 1598 273 1675 tihi,
296 1616 374 1676 quae
388 1597 488 1677 patria
507 1597 646 1674 signatur
663 1597 795 1674 imagine
809 1593 926 1673 voltus,

172 1681 278 1741 Testis
292 1687 449 1741 maternae
463 1685 535 1740 nata
548 1679 726 1759 pudicitiae.

105 1766 181 1829 §Tu
195 1772 298 1825 tamen
314 1783 428 1824 annoao
442 1765 569 1823 nimium
582 1781 622 1822 ne
637 1782 730 1844 parce
743 1761 895 1842 Falerno,

170 1851 212 1909 Et
225 1849 328 1928 potius
343 1846 454 1929 plenos
471 1866 543 1908 aere
561 1845 706 1925 relinque
722 1846 822 1908 cador.

129 1934 178 1994 Sit
193 1933 260 2013 pia,
280 1933 321 1993 sit
336 1930 493 2011 locuples,
515 1930 572 1991 sed
588 1937 678 2011 potet
691 1930 757 1990 filia
770 1938 918 1992 mustuma

169 2017 326 2096 Amphora
342 2036 409 2075 cum
425 2013 546 2075 domina
561 2035 642 2075 nunc
656 2035 734 2076 nova
747 2016 801 2076 fiat
815 2035 898 2076 anns.

126 2102 269 2163 Caecuba
283 2119 345 2159 non
359 2097 443 2159 solos
460 2099 613 2160 vindemia
626 2100 744 2159 nutriat
758 2102 866 2159 orbos:

83 2194 117 2249 10
167 2186 302 2245 Possunt
316 2189 349 2244 et
364 2189 470 2264 patres
484 2183 605 2262 rivere,
625 2181 720 2243 crede
735 2183 818 2244 mihi.

493 2316 630 2378 XXVlll.

127 2417 275 2477 Libertas
290 2415 433 2478 Melioris
448 2415 505 2478 llle
520 2424 627 2494 notus,

127 2501 208 2561 Tota
224 2501 276 2581 qul
290 2500 404 2561 cecidit
418 2500 543 2561 dolente
557 2501 669 2580 Roma,

126 2586 198 2646 Cari
214 2584 344 2647 deliciae
358 2587 469 2646 breves
484 2587 624 2666 patroni,

126 2669 193 2730 Hoc
212 2672 268 2729 sub
284 2689 435 2730 marmore
451 2669 593 2731 Glaucias
607 2670 747 2728 humatur

97 2753 232 2814 dluncto
248 2753 417 2814 Flaminiae
432 2755 514 2814 iacet
529 2750 690 2833 sepulcro:

129 2838 239 2898 Castus
254 2839 407 2916 moribus,
429 2839 552 2916 integer
567 2834 704 2916 pudore,

130 2921 229 2984 Velox
243 2923 385 3002 ingenio,
407 2921 522 2982 decore
538 2920 622 2981 felix.

128 3003 180 3068 liis
195 3006 281 3066 senis
295 3005 385 3067 modo
400 3007 551 3068 messibus
568 3005 703 3086 peractis

125 3086 184 3152 Vix
199 3110 294 3151 unum
308 3109 387 3170 puer
402 3089 576 3171 applicabat
590 3107 709 3149 annum.

82 3170 181 3250 DQui
196 3174 255 3234 fles
269 3173 360 3254 talia,
382 3173 428 3234 nil
443 3175 536 3252 fleas,
557 3175 665 3234 viator.

512 3307 620 3369 XXIX.

106 3396 197 3468 Non
212 3405 252 3467 de
268 3405 363 3487 plebe
378 3405 503 3485 domus,
524 3425 583 3466 nec
598 3423 704 3464 avarae
720 3423 815 3466 verna
830 3407 980 3482 catastae,

168 3490 232 3552 Sed
248 3490 363 3551 domini
378 3496 483 3551 sancto
502 3490 611 3569 dignus
626 3508 731 3551 amore
744 3507 844 3572 puer,
