2370 3924
132 233 176 301 ιι
276 318 279 323 ¹
458 231 852 295 murmuramus

221 389 273 450 Sic
286 388 490 468 interpositus
502 384 578 446 villo
594 385 780 445 contaminat
794 390 888 445 uncto

196 475 336 536 tUrbica
349 471 536 549 Lingonicus
552 469 758 548 Tyrianthina
771 468 1027 554 bardocucullus‚

220 557 272 617 Sic
285 555 451 616 Arretinae
466 552 582 613 violant
596 549 774 630 crystallino
787 558 905 632 testae,

221 641 272 702 Sic
291 641 381 718 niger
397 640 430 698 iu
446 637 524 717 ripis
540 641 626 696 errat
641 654 709 696 cum
724 635 807 695 forte
822 636 964 718 Caystri,

219 726 305 786 luter
319 721 462 783 Ledaeos
475 719 598 781 ridetur
612 738 720 779 corvus
736 717 855 797 olores,

219 808 271 868 Sic
286 808 338 867 ubl
353 804 517 866 multisona
530 804 633 864 fervet
647 822 735 863 sacer
749 802 880 864 Atthide
893 801 1000 884 lucus,

176 893 358 971 lolmproba
372 889 539 968 cecropias
554 886 686 948 offendit
700 888 769 966 pica
782 885 948 966 querellas.

216 975 322 1037 Indice
337 992 399 1033 non
414 992 490 1052 opur
505 978 554 1032 est
567 970 682 1031 nostris
697 989 756 1030 nec
768 970 872 1031 iudice
888 971 995 1051 libris,

218 1059 286 1120 Stat
301 1063 410 1118 contra
424 1055 561 1135 dicitque
576 1057 634 1116 tibi
649 1060 702 1114 tua
719 1056 829 1135 pagina
844 1056 929 1133 „Fur
944 1057 1012 1118 es.“

619 1187 696 1250 LIV.

218 1302 358 1384 Siquid,
379 1305 496 1381 lusce,
516 1322 605 1364 vacas
619 1302 718 1362 adhuc
735 1304 829 1362 amari
843 1336 886 1347 -

217 1389 293 1448 Nam
309 1395 380 1449 aunt
393 1388 466 1447 hinc
480 1387 554 1464 tihi,
577 1391 694 1446 suntet
708 1387 780 1445 hinc
795 1387 883 1446 amici
896 1421 955 1465 —,

217 1474 335 1552 Unum,
357 1474 383 1532 si
400 1477 560 1551 superest,
581 1468 682 1529 locum
696 1487 855 1548 rogamus,

216 1557 281 1617 Nec
299 1575 365 1634 me,
388 1554 472 1636 quod
485 1556 544 1615 tibi
559 1556 615 1614 sim
630 1573 744 1631 novus,
766 1572 910 1614 recuses:

194 1642 333 1702 50mues
348 1642 408 1701 hoc
421 1645 545 1699 veteres
559 1639 606 1698 tui
619 1638 755 1698 fuerunt.

218 1726 267 1785 Tu
282 1730 399 1787 tautum
413 1724 534 1802 inspice
555 1724 606 1801 qui
622 1740 717 1782 novus
732 1726 858 1799 paratur

216 1810 265 1867 An
280 1808 379 1887 possit
393 1805 463 1864 fieri
477 1811 565 1865 vetus
582 1801 708 1863 sodalis.

623 1953 686 2015 LV.

154 2100 158 2125 ι
217 2067 298 2127 Vota
312 2067 358 2126 tui
372 2066 511 2126 breviter
526 2067 553 2125 si
567 2066 613 2124 vir
628 2083 816 2144 cognoscere
833 2067 950 2147 Marci,

149 2182 153 2211 2
261 2150 385 2211 clarum
398 2147 544 2228 militiae,
565 2149 701 2227 Fronto,
723 2154 877 2228 togaeque
894 2151 1005 2232 decus,

216 2235 285 2294 Hoc
299 2237 397 2315 petit,
420 2252 491 2294 esse
507 2235 555 2293 sui
569 2251 627 2293 nec
642 2234 743 2312 magni
757 2235 839 2294 ‘ruris
854 2242 973 2315 arator,

260 2318 454 2398 Sordidaque
470 2319 503 2377 in
517 2318 619 2397 parvis
636 2319 698 2376 otia
712 2319 806 2376 rebua
822 2326 909 2380 amat.

142 2474 146 2487 Ι
195 2403 386 2480 §Quisquam
401 2403 485 2481 picta
499 2399 575 2460 colit
595 2400 738 2480 Spartani
756 2401 873 2479 frigora
889 2405 952 2463 sari

141 2538 144 2547 .
257 2486 299 2545 ut
317 2487 499 2546 matutinum
512 2489 617 2564 portat
629 2485 753 2563 ineptus
767 2486 849 2564 Ave,

90 2536 110 2607 d
137 2568 142 2621 ἒ
218 2571 275 2632 Gui
289 2569 367 2630 licet
381 2569 497 2629 exuviis
511 2569 647 2627 nemoris
662 2568 805 2646 rurisque
819 2571 911 2629 beato

258 2654 341 2714 Ante
356 2653 459 2712 focum
473 2651 583 2732 plenas
598 2649 782 2730 explicuisse
796 2650 902 2733 plagas

136 2740 139 2763 ³
215 2739 256 2798 ut
270 2739 388 2817 piscem
401 2734 532 2797 tremula
549 2731 712 2795 salientem
728 2734 843 2796 ducere
857 2742 923 2796 seta

136 2834 140 2901 ζ
174 2832 210 2884 10
256 2820 413 2901 Flavaque
429 2820 469 2881 de
483 2821 579 2881 rubro
594 2837 739 2899 promere
754 2818 848 2879 mella
863 2820 962 2880 cado?

137 2908 141 2967 3·
216 2905 343 2985 Pinguis
357 2904 534 2985 inaequales
549 2910 658 2964 onerat
674 2905 723 2962 cui
735 2902 827 2964 vilica
841 2923 961 2964 mensas

77 3044 84 3059 ,
138 2998 142 3023 ³
257 2990 300 3050 lut
314 3008 368 3049 sua
381 3008 444 3048 non
459 2993 579 3067 emptus
592 2992 758 3066 praeparat
776 3006 830 3048 ova
845 2988 944 3048 cinis?

140 3076 148 3145 ’,
215 3073 285 3133 Non
301 3078 383 3131 amet
397 3073 476 3130 hanc
491 3072 583 3130 vitam
598 3071 736 3148 quisquis
750 3089 799 3131 me
813 3092 875 3131 non
891 3080 985 3153 amat,
1008 3081 1101 3156 opto,

146 3174 151 3223 ι
258 3156 350 3218 Vivat
364 3161 396 3215 et
410 3155 535 3214 urbanis
551 3149 639 3213 albus
652 3154 684 3211 in
703 3153 823 3216 officiis.

148 3248 153 3309 ³
614 3291 692 3351 nvi.

217 3401 379 3462 Continuis
393 3405 500 3460 vexata
514 3399 618 3460 madet
632 3399 786 3461 vindemia
798 3401 924 3461 nimbis:

255 3485 325 3545 Non
337 3490 444 3565 potes,
465 3490 500 3543 ut
515 3485 636 3564 cupias,
658 3484 812 3564 vendere,
835 3504 930 3564 copo,
953 3504 1083 3548 merum.
