2370 3924
450 236 719 295 PRAEFATIO.
1076 261 1107 300 ιι

128 390 196 447 Post
205 391 293 445 verba
308 388 398 461 epigr.
417 393 467 447 110
482 390 547 443 vinc
562 402 627 445 auos
643 393 705 445 octo
730 389 863 462 deinceps
886 392 1107 465 epigrammaton

61 476 197 531 lemmata
208 473 364 529 uncialibus
376 471 472 528 litteris
482 471 639 544 perscripta
649 479 726 540 sunt,
746 474 846 545 quibus
858 476 1001 546 quaternio
1013 480 1108 549 exple-

61 564 118 614 tur.
149 555 309 628 Scripturas
328 555 390 611 illas
405 554 595 610 consideranti
615 571 672 612 nou
691 561 784 629 potest
803 560 953 614 obscurum
975 576 1055 629 esse,
1080 569 1109 618 et

62 640 140 698 hunc
153 639 281 696 codicem
293 655 329 694 ex
341 639 447 694 familia
459 637 491 694 C·
503 638 658 695 derivatum
671 641 807 712 peculiari
826 641 920 713 aliqua
937 645 1108 713 praestantia

62 723 250 795 conspicuum
261 739 317 779 non
328 736 404 778 esse.
445 721 517 778 Illud
527 722 611 777 valde
628 724 808 780 memorabile
820 729 878 792 est,
897 726 973 796 quod
986 743 1050 783 cum
1061 744 1108 784 co·

62 807 120 863 dex
130 806 306 862 Bathmanno
318 806 411 862 iudice
423 821 499 861 saec.
510 805 549 860 xl
566 807 685 877 scriptus
703 807 858 864 Martialem
873 813 981 879 poetam
998 825 1107 868 cacum·

61 904 116 965 quc
134 891 276 961 appellet,
297 906 354 945 non
370 889 455 945 Italos
475 889 587 946 demum
599 905 675 946 saec.
686 891 748 959 XV,
773 906 845 963 quae
856 892 923 947 olim
934 894 1028 964 opinio
1042 911 1107 951 mea

61 978 132 1042 erat,
151 978 280 1029 auctores
298 974 362 1029 miri
380 974 450 1028 tituli
467 973 554 1029 luisse
575 979 701 1044 apparet.
746 974 805 1029 lam
816 991 880 1030 cum
890 975 988 1033 Xeniis
999 978 1047 1034 illa
1058 994 1108 1051 ap·

60 1056 177 1130 pallatio
195 1056 321 1128 praefixa
338 1058 388 1124 sit,
414 1056 443 1111 in
460 1072 563 1113 caussa
581 1057 668 1112 luisse
683 1057 767 1114 buius
784 1059 874 1130 ipsius
885 1059 947 1115 libri
959 1075 1107 1133 argumen-

60 1147 129 1209 tum,
141 1155 193 1195 cur
207 1140 303 1197 iocose
314 1146 398 1212 poeta
416 1142 476 1196 coci
490 1141 601 1196 nomina
613 1146 805 1210 exornaretur,
821 1144 966 1213 probabile
984 1145 1106 1217 cuipiam

10 1286 12 1291 ,
62 1222 156 1279 videri
174 1225 288 1295 possit..
307 1224 472 1295 Quanquam
489 1241 524 1278 ne
543 1239 616 1280 nunc
634 1224 748 1296 quidem
765 1224 834 1280 illud
853 1226 1053 1299 negligendum
1064 1232 1108 1284 est

10 1304 13 1379 ξ
61 1307 140 1377 quod
153 1306 201 1362 ed.
211 1308 277 1362 mai.
289 1308 321 1363 Τ.
332 1308 365 1375 11,
376 1325 406 1380 p.
418 1309 470 1366 736
481 1308 640 1378 perstrinxi.

123 1391 276 1446 Praeterea
286 1391 325 1446 Μ.
336 1391 471 1463 Hauptius
484 1391 512 1445 in
529 1392 607 1448 Actis
629 1391 760 1448 Societat.
775 1391 837 1447 litt.
854 1393 1008 1463 lipsiensis
1026 1397 1105 1461 1850,

10 1470 12 1493 ²
60 1473 112 1544 lp.
123 1477 143 1533 8
155 1489 218 1546 sqq.
229 1479 336 1545 partem
355 1475 577 1546 epigrammaton
593 1475 727 1530 Martialis
746 1475 864 1531 aliorum
882 1481 1027 1547 poetarum
1047 1492 1107 1531 car·

60 1557 184 1612 minibus
196 1558 381 1613 intermixtam
396 1559 520 1628 repperit
530 1559 558 1612 in
575 1557 673 1612 codiee
688 1557 810 1628 quodam
826 1558 952 1612 miscello
967 1559 1106 1628 lipsiensi

60 1654 138 1696 saec.
148 1639 186 1695 X.
218 1641 327 1712 Exque
340 1657 412 1712 quae
423 1640 560 1712 Hauptius
577 1640 719 1711 excerpsit
732 1639 784 1694 etsi
799 1641 899 1695 librum
911 1655 949 1696 ex
961 1642 1036 1696 sonte
1050 1658 1106 1697 non

58 1724 133 1779 malo
146 1730 332 1796 propagatum
345 1723 455 1793 docent,
475 1722 659 1779 emendandis
671 1728 763 1778 tamen
774 1727 876 1794 poetae
890 1725 985 1780 verbis
996 1726 1107 1796 perexi-

60 1823 150 1879 guum
159 1823 243 1862 usum
255 1807 369 1862 habent.
401 1807 546 1874 Quaedam
558 1808 630 1863 infra
642 1808 874 1863 commemoravi:
892 1809 1106 1865 commemorari

58 1890 145 1945 stiam
161 1890 216 1946 hoe
234 1895 341 1962 potest,
365 1891 492 1946 codicem
509 1891 571 1946 libr.
588 1897 615 1963 Ξ,
626 1894 671 1958 80,
683 1895 701 1948 l
711 1888 764 1945 Dic
775 1888 878 1945 offerre
887 1907 939 1962 pro
950 1893 1028 1963 vulg.
1040 1892 1105 1962 Hic,

59 1972 138 2044 quod
149 1973 243 2045 ipsum
254 1973 318 2031 Ant.
331 1974 419 2031 Roius
433 1976 578 2045 poscebat.
609 1974 646 2030 At
660 1975 817 2044 excerptori
829 1975 1013 2031 conveniebat
1025 1975 1104 2044 illud,

56 2071 88 2112 ru
98 2057 211 2129 integro
224 2059 348 2114 carmine
358 2057 414 2114 Hic
424 2058 514 2128 aptius
526 2062 578 2112 est.

121 2142 269 2197 Postremo
282 2141 355 2197 Guil.
367 2141 539 2196 Hamiltunus
557 2139 595 2196 ad
606 2141 782 2195 collationem
794 2140 1015 2213 Edinburgensis
1028 2141 1105 2196 codi-

57 2224 100 2279 cis
116 2223 229 2280 addidit
245 2224 405 2293 „Adnotata
427 2224 567 2295 quaedam
580 2223 715 2279 Hadriani
731 2223 802 2279 lunii
819 2239 855 2279 ex
871 2222 985 2279 schedis
996 2224 1105 2280 Dorvil·

10 2348 12 2355 ·
57 2308 158 2376 lianis,
184 2309 209 2366 si
229 2313 306 2364 recte
327 2309 455 2376 memini,
477 2309 506 2362 in
525 2307 692 2363 bibliotheca
712 2306 867 2363 Bodleiana
887 2308 1040 2364 asservatis
1057 2324 1105 2364 ex·

58 2393 187 2462 cerpta.“
230 2391 307 2458 Quae
326 2408 363 2447 ex
374 2391 507 2447 Thuaneo
527 2390 625 2446 codice
644 2391 760 2462 repetita
771 2406 836 2447 esse
848 2396 978 2447 accurata
985 2407 1030 2446 me
1041 2407 1105 2462 per·

58 2475 211 2547 vestigatio
229 2474 333 2532 docuit.
356 2504 399 2514 —
420 2475 546 2546 Denique
558 2479 588 2530 ut
598 2474 653 2530 hoc
666 2474 784 2542 addam,
806 2473 843 2529 ad
854 2474 963 2531 indices
976 2474 1105 2531 codicum

58 2559 128 2613 olim
139 2558 280 2614 exhibitos
291 2559 428 2615 accedant
444 2559 549 2629 aliquot
559 2557 673 2615 codices
685 2575 721 2613 ex
731 2557 799 2612 Maii
810 2557 963 2630 Spicilegio
977 2558 1104 2614 Romano

57 2642 93 2709 V,
105 2658 135 2712 p.
148 2645 199 2701 191
211 2647 309 2702 etllb.
352 2643 448 2699 Priore
465 2643 527 2697 loco
544 2647 670 2698 vetustus
688 2641 775 2697 index
790 2642 861 2697 inter
875 2642 989 2698 codices
1008 2642 1105 2697 biblio-

58 2724 161 2781 thecae
183 2725 434 2782 laureshamensis
452 2725 551 2781 habet:
576 2725 670 2794 „Libri
687 2725 821 2781 Martialis
837 2730 938 2796 poet-ae
950 2725 978 2780 in
990 2741 1046 2780 uno
1058 2742 1105 2782 co·

59 2807 160 2877 dice“;
178 2811 265 2865 altero
277 2809 365 2865 index
381 2808 558 2869 corbeiensis
575 2809 775 2865 bibliothecae:
800 2808 964 2876 „Martialis
989 2807 1104 2865 Statius.

59 2891 198 2948 Aeneis.“
225 2893 265 2948 De
277 2894 339 2949 aliis
351 2893 519 2964 quibusdam
531 2893 579 2948 vel
591 2891 629 2947 ad
640 2889 847 2947 emendandum
858 2891 904 2947 vel
915 2891 953 2946 ad
964 2893 1104 2963 explican-

59 2973 125 3031 dum
135 2976 292 3032 Martialem
302 2977 454 3048 praesidiis
468 2976 559 3033 dicam
577 2977 605 3031 in
617 2975 840 3046 commentariis,
864 2991 935 3048 quos
952 2975 1103 3047 aliquando

58 3058 145 3114 edere
156 3062 266 3117 animus
279 3066 332 3118 est.

118 3143 166 3198 Ex
189 3145 266 3200 libris
288 3161 389 3201 recens
412 3146 541 3201 excussis
558 3150 588 3199 ut
606 3145 635 3198 in
645 3143 885 3216 recognoscendis
896 3145 991 3200 verbis
1002 3148 1104 3215 poetae

57 3241 113 3281 non
124 3228 242 3284 multum
253 3229 375 3301 proieci,
392 3229 430 3284 ita
442 3228 540 3285 sedulo
552 3243 666 3299 operam
679 3227 760 3295 dedi,
773 3233 802 3283 ut
814 3228 912 3283 iterum
924 3225 1027 3282 edendi
1037 3243 1105 3282 con·

57 3309 171 3366 dicione
189 3318 300 3384 praeter
318 3313 480 3385 opinionem
497 3313 589 3368 oblata
604 3311 739 3366 Martialis
758 3312 800 3366 sui
821 3310 938 3366 similior
958 3310 1104 3367 evaderet.

56 3393 115 3450 Nec
128 3395 278 3466 quisquam
289 3396 447 3464 mirabitur,
465 3395 541 3468 quod
552 3396 701 3451 interiectis
715 3393 823 3450 duobus
835 3395 929 3450 lustris
941 3396 976 3449 ab
989 3410 1023 3449 ea
1035 3393 1103 3449 sori·

56 3482 149 3548 ptura,
162 3495 246 3551 quam
257 3482 286 3536 in
297 3481 421 3537 editione
431 3481 538 3535 maiore
549 3494 710 3550 posueram,
723 3494 778 3532 non
790 3479 827 3532 ita
838 3493 903 3533 raro
914 3477 1032 3532 recessi.
1057 3476 1103 3530 Et·

55 3562 132 3617 enim
144 3563 201 3618 alia
212 3563 268 3618 iam
279 3565 308 3618 in
318 3563 468 3619 Addendis
479 3567 507 3618 et
516 3561 696 3634 Corrigendis
708 3577 745 3616 ex
755 3560 1002 3631 praestantissimis
1013 3559 1103 3628 libris,
