2370 3924
328 223 668 284 EPIGRAMMATON
684 225 758 287 LlB.
776 226 812 288 X.
1028 223 1091 289 alo

112 370 247 454 5Κύριε
258 395 341 453 μου,
364 371 436 452 μέλι
453 394 534 454 μου,
557 369 645 455 ψυχή
663 395 729 454 μου
745 378 886 455 congeris
902 398 1017 457 nsque,

177 462 240 522 Pro
255 459 370 539 pudor!
397 458 554 518 Hersiliae
569 461 642 518 ciris
658 466 691 520 et
705 462 846 538 Egeriae.

132 543 283 606 Lectulus
298 545 352 602 has
367 561 474 619 voces,
494 561 553 602 nec
568 541 701 604 lectulus
717 544 820 604 audiat
835 545 951 623 omnis,

177 628 242 689 Sed
259 645 349 706 quem
364 624 478 686 lascivo
493 629 601 687 stravit
615 629 711 687 amica
725 629 801 688 viro.

134 714 224 773 Scire
240 712 326 790 cupis
343 729 401 788 quo
416 715 499 769 casta
514 709 604 770 modo
620 717 759 771 matrona
771 709 925 790 loquaris:

94 809 125 859 Ιο
174 792 345 874 Numquid,
368 813 436 853 cum
450 795 577 872 crissas,
599 795 740 855 blandior
758 814 826 854 ease
863 796 952 855 otes'l

133 881 185 940 Tu
200 879 278 939 licet
292 876 411 938 ediscas
427 883 522 937 totam
535 879 717 958 referasque
732 817 921 957 Corintlon,

177 964 247 1024 Non
265 970 368 1022 tamen
385 962 523 1040 omnino,
545 961 666 1041 Laelia,
686 963 758 1024 Lais
771 964 845 1023 eris.

515 1095 623 1156 LXIX.

133 1209 288 1272 Custodes
304 1210 373 1288 das,
393 1208 498 1286 Polla,
519 1211 603 1288 viro,
625 1230 687 1269 non
702 1211 815 1290 accipis
829 1211 903 1289 ipsa.

141 1312 146 1317 ·
174 1295 244 1354 Hoc
259 1300 307 1354 est
320 1312 447 1354 uxorem
464 1291 595 1370 ducere,
616 1292 722 1371 Polla,
742 1295 848 1354 virum.

527 1427 619 1489 LXX.

135 1537 227 1616 Quod
242 1539 317 1598 mihi
330 1539 380 1596 vix
395 1557 472 1596 unus
487 1543 553 1597 toto
568 1537 649 1598 liber
665 1547 754 1599 exeat
769 1559 864 1616 anno,

176 1621 321 1681 Desidiae
337 1622 394 1680 tibi
410 1641 491 1699 aum,
515 1621 606 1683 docte
621 1623 743 1700 Potite,
765 1641 848 1686 rens.

133 1707 246 1766 lustius
262 1713 294 1766 at
309 1711 422 1784 quanto
439 1706 571 1781 mirere,
594 1705 677 1784 quod
691 1712 781 1766 exeat
795 1726 889 1784 unus,

175 1791 332 1849 Labantur
345 1790 405 1848 toti
420 1808 487 1848 cum
504 1790 578 1860 mihi
594 1808 686 1868 saepe
702 1789 778 1850 dies.

107 1874 200 1936 5Non
217 1873 422 1934 resalutantes
435 1871 525 1933 video
540 1880 708 1934 nocturnus
723 1874 851 1946 amicos,

175 1956 324 2017 Gratulor
340 1963 373 2016 et
387 1955 508 2031 multis;
528 1976 637 2036 nemo,
659 1957 780 2035 Potite,
803 1958 887 2018 mibi.

131 2041 220 2101 Nunc
235 2040 274 2100 ad
286 2040 447 2100 luciferam
461 2043 561 2119 signat
574 2060 642 2101 mea
656 2060 773 2119 gemma
788 2042 931 2115 Dianam,

177 2124 265 2184 Nunc
280 2143 329 2184 me
343 2125 442 2203 prima
458 2126 534 2200 sibi,
555 2144 635 2184 nunc
650 2126 709 2184 sibi
725 2126 831 2203 quinta
846 2123 936 2201 rapit.

133 2207 222 2269 Nunc
238 2206 345 2268 consul
360 2213 524 2288 praetorve
539 2214 628 2268 tenet
642 2207 835 2286 reducesque
851 2208 998 2280 choreae,

92 2304 126 2355 lo
175 2292 309 2353 Auditur
323 2298 389 2352 tota
405 2309 497 2370 saepe
512 2299 604 2370 poeta
618 2290 679 2354 die.

133 2375 196 2435 Sed
211 2395 270 2436 nec
285 2374 438 2436 causidico
453 2376 552 2454 possis
568 2377 694 2454 impune
706 2392 837 2451 negare,

175 2460 241 2520 Nec
256 2462 282 2519 si
295 2467 329 2520 to
344 2461 453 2519 rhetor
467 2461 717 2537 grammaticusve
731 2465 858 2536 rogent:
907 2490 911 2506 ·

133 2543 248 2603 Balnea
264 2550 336 2624 post
350 2543 497 2603 decimam
512 2543 592 2603 lasso
609 2549 792 2620 centumque
810 2548 957 2622 petuntur

176 2626 377 2703 Quadrantes,
403 2627 475 2686 Fiet
491 2626 629 2707 quando,
650 2627 771 2704 Potite,
793 2625 896 2685 liber‘.l

517 2759 622 2819 Lxxi.

133 2873 279 2951 Quisquis
293 2871 377 2931 laeta
390 2874 451 2931 tuis
468 2877 501 2931 et
515 2889 585 2930 sera
600 2871 780 2950 parentibus
797 2874 884 2948 optas

173 2956 267 3033 Fata,
289 2959 414 3016 brevem
430 2955 552 3015 titulum
568 2955 728 3019 marmoris
742 2955 833 3013 huius
848 2971 921 3012 ama.

130 3038 281 3100 Condidit
296 3041 354 3099 hac
370 3059 456 3099 caras
471 3038 586 3099 tellure
600 3039 743 3099 Rabirius
758 3039 895 3097 umbras:

172 3122 258 3182 Nulli
276 3129 361 3183 rorte
377 3125 480 3183 iacent
495 3123 674 3183 candidiore
690 3141 791 3184 senes.

105 3207 185 3267 5Bis
201 3226 255 3267 sex
270 3206 370 3267 lustra
385 3209 447 3267 tori
463 3228 523 3268 nox
537 3209 620 3266 mitis
636 3214 669 3266 et
681 3205 788 3266 ultima
803 3203 911 3280 clusit,

173 3292 329 3351 Arserunt
344 3311 404 3351 uno
420 3291 530 3351 lunera
547 3292 618 3350 bina
633 3309 718 3368 rogo.

127 3374 196 3434 Hos
211 3381 313 3435 tamen
329 3383 363 3434 ut
376 3377 484 3454 primis
498 3381 604 3454 raptos
618 3375 677 3433 sibi
692 3374 814 3451 quaerit
827 3373 860 3432 in
874 3370 970 3430 annis.

172 3459 345 3538 improbius
360 3457 439 3518 nibil
455 3460 503 3518 his
519 3458 643 3517 fletibus
658 3475 727 3517 esse
741 3463 856 3539 potest.
