2370 3924
299 235 640 297 EPIGRAMMATON
653 235 728 297 LIB.
743 236 796 299 lv.
1031 238 1073 301 93

514 384 592 444 XLI.

115 501 199 582 Quid
213 503 402 562 recitaturus
419 500 590 562 circumdas
604 499 724 561 vellera
738 500 844 561 collo?

159 586 357 648 Conveniunt
370 587 486 685 nostris
502 585 626 644 auribus
641 586 700 644 ista
717 587 821 663 magis.

509 717 599 780 XLII.

116 832 151 892 Si
166 832 234 910 quis
251 831 335 891 forte
350 830 424 889 mihi
438 832 537 910 possit
550 836 710 909 praestaro
725 833 862 908 roganti,

158 913 258 993 Audi,
279 932 369 992 quem
384 932 530 993 puerum,
551 913 682 991 Flacco,
704 933 815 992 rogare
829 913 931 979 velim.

114 998 242 1060 Niliacis
256 999 387 1077 primum
401 1015 480 1076 puer
497 998 549 1057 hic
563 1005 706 1056 nascatur
724 999 757 1056 in
772 999 849 1057 oris:

157 1082 320 1160 Nequitias
334 1078 430 1140 tellus
448 1081 507 1141 scit
523 1080 597 1140 dare
611 1080 697 1140 nulla
712 1083 815 1159 magis.

92 1167 167 1229 §Sit
180 1167 250 1225 nive
266 1162 442 1225 candidior:
462 1183 593 1243 namque
607 1165 640 1224 in
655 1164 832 1224 Mareotide
848 1167 934 1226 fusca

158 1247 325 1310 Pulchrior
340 1255 403 1326 est,
426 1256 538 1327 quanto
553 1249 653 1308 rarior
667 1249 728 1308 iste
744 1246 839 1309 color.

114 1334 245 1393 Lumina
260 1331 413 1392 sideribus
429 1338 552 1393 certent
567 1329 739 1410 mollesque
753 1330 916 1410 flagellent

159 1414 251 1477 Colla
265 1434 384 1476 comae:
405 1423 504 1475 tortas
517 1435 579 1475 non
596 1436 678 1494 amo,
699 1415 828 1493 Flacce,
851 1436 961 1480 comas.

114 1500 218 1562 Frons
232 1501 336 1560 brevis
351 1507 443 1578 atque
458 1498 566 1558 modus
580 1497 694 1559 leviter
710 1500 751 1558 sit
766 1501 892 1560 naribus
906 1501 1010 1577 uncis,

70 1598 108 1649 10
159 1584 318 1645 Paestanis
335 1584 468 1644 rubeant
483 1580 602 1642 aemula
615 1581 702 1642 labra
719 1582 815 1659 rosis,

116 1667 217 1748 Saepe
232 1675 265 1727 et
278 1664 436 1726 nolentem
453 1673 541 1744 cogat
555 1664 696 1744 nolitque
711 1664 882 1745 volentem,

157 1752 302 1812 Liberior
317 1749 440 1811 domino
455 1768 547 1830 saepe
562 1750 603 1809 sit
615 1747 673 1809 ille
691 1769 763 1824 suo;

113 1836 158 1898 ut
172 1837 281 1897 timeat
294 1853 425 1915 pueros,
448 1833 590 1894 excludat
604 1852 697 1913 saepe
713 1831 850 1912 puellas:

156 1920 215 1983 Vir
229 1917 374 1997 reliquis,
397 1919 448 1977 uni
463 1920 505 1977 sit
517 1936 596 1998 puer
608 1916 666 1977 ille
682 1918 765 1976 mihi.

69 2003 197 2083 15„1om
209 2004 284 2081 scio,
299 2020 358 2062 nec
368 1999 478 2061 falles:
493 2022 562 2061 nam
575 2021 625 2061 me
638 2019 760 2081 quoque
775 2000 877 2061 iudIce
891 2019 995 2062 verum
1008 2009 1056 2062 est

158 2084 246 2148 Talis
264 2086 352 2146 erat“
367 2083 445 2145 dicis
460 2093 589 2164 „noster
604 2085 838 2145 Amazonicus.“

499 2218 603 2281 XLIII.

112 2331 184 2392 Non
199 2329 277 2409 dixi,
301 2332 467 2410 coracina,
487 2339 520 2390 te
536 2331 713 2391 cinaedum:

113 2415 185 2476 Non
199 2435 265 2475 sum
278 2423 341 2475 tam
356 2416 540 2475 temerarius
554 2433 612 2475 nec
627 2415 740 2493 audax,

112 2501 181 2562 Nec
193 2497 351 2559 mendacia
368 2501 420 2578 qui
436 2498 548 2578 loquar
562 2498 709 2563 libenter.

114 2583 148 2641 Si
164 2581 244 2661 diui,
267 2584 434 2660 Coracine,
456 2592 489 2643 te
505 2583 681 2662 cinaedum,

91 2667 228 2730 blratam
242 2667 318 2727 mihi
333 2666 464 2727 Pontiae
477 2666 635 2746 lagonam,
672 2741 674 2744 Ι

113 2750 227 2810 Iratum
244 2749 373 2811 calicem
387 2753 462 2811 milri
478 2750 598 2811 Metili:

112 2834 183 2894 lnro
196 2853 255 2915 per
270 2835 377 2913 Syrios
391 2837 448 2896 tibi
463 2843 617 2910 tumores,

114 2918 186 2978 Iuro
200 2937 259 2998 per
273 2919 476 2998 Berecyntios
495 2919 628 2980 furores.

112 3000 204 3078 Quod
219 3001 282 3063 diri
297 3008 417 3081 tamen,
436 3004 496 3062 hoc
512 3001 582 3062 leve
598 3009 631 3062 et
643 3000 804 3083 pusillum,

68 3099 106 3151 lo
113 3085 204 3161 Quod
218 3095 324 3147 notum
341 3094 406 3165 est,
429 3086 512 3166 qnod
527 3096 559 3146 et
574 3088 642 3167 ipse
656 3106 717 3146 non
732 3087 876 3164 negabis,

110 3169 245 3251 unite,
268 3172 435 3249 GoracIne,
458 3170 676 3250 cunnilingum.

493 3305 600 3368 XLIV.

110 3403 174 3462 llic
191 3411 241 3462 est
254 3404 426 3482 pampineis
440 3403 548 3464 viridis
563 3403 653 3463 modo
668 3402 798 3466 Vesvius
811 3404 942 3479 umbris,

155 3485 322 3547 Presserat
336 3488 387 3546 hic
401 3486 540 3547 madidos
557 3488 670 3548 nobiIis
684 3508 743 3549 uva
756 3487 856 3550 lacus.
