2370 3924
90 214 131 280 18
415 214 459 277 Μ.
474 214 567 277 VAL.
584 214 809 277 maurinus

555 415 664 479 XXXI.

174 530 240 590 Hos
255 527 329 606 tibi,
348 527 492 607 Phoebe,
512 536 604 590 vovet
617 535 701 590 totos
717 529 867 589 avertice
882 526 988 591 crInes

216 609 389 692 Encolpos,
412 611 527 673 domini
542 614 733 673 centurionis
748 631 842 675 amor.

175 697 271 758 Grata
283 694 408 756 Pudens
424 698 528 756 meriti
541 695 651 758 tulerit
665 716 733 758 cum
747 696 883 777 praemia
901 694 974 777 pili,

216 782 312 858 Quam
326 780 458 859 primum
471 778 594 859 longus,
616 781 760 857 Phoebe,
781 778 888 840 recide
904 797 1025 860 comus,

151 865 253 927 5Dum
266 861 351 923 nulla
364 865 468 924 teneri
483 863 613 925 sordent
624 863 769 944 lanugine
783 861 886 923 voltus

214 948 355 1027 Dumque
372 945 486 1007 decent
501 948 588 1009 fusae
602 945 703 1008 lactea
718 945 799 1009 colla
812 948 921 1022 iubae3

173 1031 277 1109 thue
292 1031 353 1090 tuis
371 1027 499 1110 longum
514 1029 715 1111 dominusque
731 1049 872 1113 puerque
886 1031 1032 1093 fruantur

215 1116 414 1193 Muneribus,
432 1121 553 1177 tonsum
566 1116 615 1176 fac
633 1116 712 1194 cito,
732 1133 803 1174 sero
820 1115 928 1175 virum.

547 1248 670 1311 XXXII.

174 1361 243 1421 Non
257 1382 324 1422 aruo
338 1368 387 1440 te,
409 1360 531 1440 Sabidi,
553 1381 611 1422 nec
625 1380 749 1443 possum
766 1360 871 1422 dicere
888 1380 1004 1441 quare:

120 1450 123 1457 '
218 1446 287 1506 Hoc
301 1452 418 1508 tantum
435 1464 559 1527 possum
574 1444 696 1524 dicere,
716 1465 778 1505 non
793 1464 859 1506 amo
871 1452 912 1506 te.

543 1579 678 1642 XXXIII.

177 1693 330 1754 Amissum
342 1714 404 1754 non
419 1696 476 1756 flet
490 1714 557 1755 cum
573 1693 639 1756 sola
653 1701 703 1755 cst
718 1692 820 1755 Gellia
832 1702 971 1775 patrem,

216 1776 249 1836 Si
265 1778 333 1855 quis
348 1776 452 1856 adest,
473 1780 575 1839 insere
591 1777 758 1858 prosiliunt
772 1758 929 1843 lacrimae.

172 1859 242 1919 Non
256 1856 344 1937 luget
360 1862 498 1940 quisquis
513 1860 650 1940 landari,
674 1859 794 1940 Gellia,
817 1864 957 1943 quaerit,

216 1941 275 2002 ille
292 1942 378 2004 dolet
391 1963 482 2023 vere,
506 1947 558 2025 qui
573 1946 640 2005 sine
655 1951 737 2007 teste
753 1944 848 2008 dolet.

412 2160 421 2175 ,
539 2093 678 2157 xxmv.

173 2202 371 2266 Incustoditis
386 2210 419 2264 et
434 2207 566 2286 apertis,
587 2206 716 2285 Lesbia,
735 2226 857 2288 semper

215 2289 385 2350 Liminibus
398 2307 509 2368 peccas
523 2309 582 2351 nec
596 2298 648 2351 tua
662 2292 745 2352 furto
764 2293 861 2370 tegis,

171 2373 213 2432 lut
227 2371 296 2452 plus
312 2379 468 2453 spectator
484 2394 573 2453 quam
587 2380 619 2434 tc
634 2373 771 2435 delectat
788 2374 909 2435 adulter

215 2455 281 2517 Nec
298 2464 369 2517 sunt
384 2464 470 2537 grata
484 2459 542 2518 tibi
555 2457 664 2538 gandia
679 2461 706 2519 si
721 2479 779 2539 qna
791 2458 899 2519 latent.

152 2542 218 2602 ont
233 2542 381 2601 meretrix
397 2542 491 2620 abigit
504 2547 617 2603 testem
632 2541 765 2623 veloque
781 2559 911 2622 seraque

214 2624 356 2705 Raraque
371 2625 548 2686 Summoeni
563 2626 683 2687 fornice
697 2629 774 2687 rima
789 2634 885 2709 patet.

173 2710 200 2769 Δ
216 2709 336 2771 Chione
355 2709 463 2770 saltem
477 2707 528 2769 vel
543 2712 579 2771 ab
596 2709 668 2771 lade
684 2710 768 2772 disce
783 2710 949 2793 pudorem:

214 2792 416 2855 Abscondunt
430 2813 555 2874 spurcas
570 2801 603 2855 et
616 2797 803 2855 monimenta
821 2793 918 2875 lupos.
987 2798 993 2804 ”

171 2878 327 2958 Numquid
342 2878 419 2940 dura
432 2880 490 2940 tibi
503 2881 630 2940 nimium
646 2899 775 2941 censura
788 2874 934 2939 videtur?

132 2972 165 3026 10
215 2960 376 3043 Deprendi
389 2969 460 3023 veto
475 2970 524 3041 te,
545 2964 673 3041 Lesbia,
695 2983 757 3023 non
772 2963 861 3024 futui·

544 3094 669 3158 XXXV.

137 3278 140 3285 ¹
171 3209 290 3271 Versus
305 3209 445 3268 scribere
459 3227 509 3268 me
522 3228 630 3289 parum
645 3227 770 3270 severos

139 3306 144 3355 ἱ.
172 3293 237 3353 Nec
256 3312 332 3372 quos
346 3289 507 3373 praelegat
521 3294 554 3352 in
570 3292 675 3353 schola
688 3293 850 3371 magister,

94 3358 115 3429 ‘l
143 3372 315 3455 ''Gorne1i‚
339 3378 496 3457 quereris:
518 3375 574 3436 sed
591 3377 624 3436 hi
638 3375 757 3456 libelli,

147 3464 156 3559 j
173 3461 334 3540 Tanquam
349 3461 528 3538 coniugibus
544 3462 606 3521 suis
620 3461 740 3539 mariti,
