2370 3924
90 214 151 282 los
417 214 463 279 Μ.
480 214 572 280 VAL.
588 215 813 279 molamus

174 367 238 431 Sed
252 366 358 429 lances
372 368 454 428 ferat
470 374 504 428 et
517 368 650 447 scyphos
665 387 788 428 avorum

155 454 242 515 snut
256 451 381 531 grandia
395 470 468 511 reus
483 457 536 511 aut
547 458 659 530 potens
675 453 806 530 amicus,

175 536 238 597 Seu
253 533 336 614 quod
350 541 382 594 tc
395 537 499 615 potius
514 537 597 594 iuvat
611 536 764 614 capitque.

174 619 225 680 Sic
239 621 342 679 vincas
355 619 545 697 Noviumque
560 617 762 698 Publiumque

174 701 316 764 Mandris
332 707 365 762 et
378 703 478 762 vitreo
492 701 615 761 latrone
628 701 748 778 clusos;

173 785 225 847 Sic
240 784 372 867 palmam
385 786 444 846 tibi
460 784 500 845 de
514 788 638 863 trigone
651 784 734 846 nudo

131 871 291 933 10Unctae
307 868 361 928 det
376 869 463 928 favor
479 871 596 929 arbiter
610 888 760 948 coronae,

40 982 43 987 ·
172 952 238 1014 Nec
253 950 361 1012 laudet
373 950 487 1031 Polybi
500 953 595 1031 magis
609 953 763 1012 sinistras:

173 1036 208 1097 Si
223 1037 383 1115 quisquam
396 1054 466 1095 mea
480 1034 594 1096 dixerit
608 1034 759 1114 malignus

171 1121 251 1181 Atro
267 1122 402 1179 carmina
417 1137 495 1199 quae
509 1118 635 1179 madent
647 1137 785 1197 veneno,

172 1204 217 1265 Ut
230 1221 336 1263 vocem
351 1205 427 1263 mihi
442 1201 616 1264 commodes
630 1209 807 1282 patronam,

131 1287 212 1349 rant
226 1293 371 1365 quantum
385 1289 519 1368 poteris,
541 1285 598 1346 sed
613 1305 725 1364 usque,
744 1285 874 1346 clament

173 1370 264 1450 „Non
278 1371 404 1451 scripsit
418 1389 504 1431 meus
517 1371 578 1430 ista
591 1368 779 1432 Martialis.“

545 1532 677 1594 LXXIII.

172 1643 320 1724 Esquiliis
335 1643 442 1705 domus
457 1648 521 1722 est,
543 1642 650 1704 domas
663 1645 785 1726 esttibi
798 1641 880 1704 colle
895 1644 1015 1706 Dianae

214 1729 256 1791 lit
270 1736 323 1789 tua
336 1730 484 1808 patricius
500 1726 633 1787 culmina
648 1729 732 1788 vicus
746 1727 856 1789 habeta

171 1813 254 1873 Hinc
269 1810 378 1873 viduae
393 1809 543 1890 Cybeles,
562 1809 648 1870 illine
664 1813 798 1871 sacraria
810 1811 945 1887 Vestae,

214 1893 290 1954 lnde
305 1914 431 1972 novum,
452 1900 590 1954 veterem
604 1896 757 1974 prospicis
770 1894 844 1954 inde
859 1894 972 1956 lovem.

151 1978 246 2055 bllic,
268 1980 321 2038 ubi
338 1979 533 2055 conveniam,
553 1976 619 2055 dic,
643 1999 701 2057 qua
714 1985 747 2038 te
761 1986 851 2058 parte
865 1981 1039 2057 requiram:

216 2062 360 2140 Quisquis
375 2063 489 2141 ubique
509 2063 644 2139 habitat,
665 2062 817 2141 Maxime,
838 2082 988 2142 nusquam
1002 2061 1069 2122 hab¹
1089 2081 1090 2088 ¹

540 2223 675 2286 LXXIV.

173 2335 319 2416 Cyllenes
334 2334 475 2414 caelique
491 2334 601 2415 decus,
622 2336 754 2397 facunde
769 2340 928 2416 minister,

214 2421 318 2480 Aurea
333 2421 382 2479 cui
397 2424 480 2478 torto
496 2421 581 2496 virga
596 2420 730 2481 dracone
743 2423 837 2483 viret:

172 2502 224 2563 Sic
239 2505 297 2563 tibi
311 2503 417 2563 lascivi
431 2521 493 2561 non
508 2501 590 2561 desit
605 2506 693 2582 copia
707 2506 800 2584 furti,

213 2586 283 2646 Sive
301 2586 387 2666 cupis
401 2584 556 2664 Paphien,
578 2581 634 2646 seu
649 2588 828 2667 Ganymede
843 2588 943 2662 cales;

151 2670 398 2748 5Maternaeque
413 2671 509 2749 sacris
524 2676 674 2731 ornentur
692 2672 854 2733 frondibus
869 2671 941 2732 Idus

213 2755 255 2815 Et
269 2755 374 2814 senior
387 2774 481 2835 parca
496 2751 579 2813 mole
593 2761 752 2835 prematur
769 2777 856 2816 avus:

170 2839 261 2899 Hunc
277 2857 400 2919 sempor
413 2838 558 2899 Norbana
573 2837 655 2898 diem
670 2859 737 2898 cum
753 2842 882 2919 coniuge
898 2838 1000 2921 Oarpo

212 2922 307 2984 Laeta
322 2921 419 3000 colat,
440 2923 549 3003 primis
565 2942 624 3000 qao
641 2925 746 2983 coiere
761 2926 849 2986 toris.

169 3007 230 3066 Hic
244 3009 313 3086 pius
328 3008 457 3066 antistes
474 3005 601 3084 sophiae
614 3024 668 3065 sua
683 3007 762 3067 dona
776 3009 948 3085 ministrat,

128 3099 164 3151 10
209 3089 270 3149 Hic
284 3095 317 3150 te
331 3095 402 3148 ture
417 3093 522 3165 vocat,
543 3086 623 3147 fidus
638 3096 671 3149 et
683 3093 751 3170 ipse
766 3093 839 3155 lovi.

543 3250 666 3313 LXXV.

170 3358 226 3422 Vis
239 3360 320 3420 futui
335 3361 447 3441 gratis,
470 3382 538 3423 cum
553 3365 595 3424 sis
611 3362 760 3424 deformis
773 3382 918 3444 anusque.

211 3443 274 3504 Res
287 3443 479 3525 perridicula
494 3453 557 3508 est:
578 3449 624 3508 vis
643 3447 733 3528 dare,
755 3467 813 3510 neo
829 3446 904 3509 dare
917 3448 973 3509 vls.
