2370 3924
91 235 151 299 142
413 235 456 296 M.
472 234 563 298 VAL.
581 234 805 296 MARTIALIS

554 436 661 499 LXIV.

173 550 250 612 (ium
265 551 307 610 sis
320 567 379 608 nec
393 547 492 627 rigida
506 549 671 609 Fabiorum
685 556 778 627 gente
794 557 935 630 creatus,

171 633 237 694 Nec
252 632 372 713 qualem
390 631 500 706 (iuria,
524 630 595 692 dum
609 630 738 712 prandia
751 639 856 712 portat
870 638 989 711 aranti,

171 717 299 777 Hirsuta
312 717 437 795 peperit
452 714 604 795 deprensa
617 717 672 776 sub
688 714 762 777 ilice
779 719 927 779 coniunx:

172 799 236 860 Sed
249 799 346 880 patris
362 797 401 859 ad
415 797 573 879 speculum
587 799 670 859 tonsi
684 801 852 880 matrisque
867 808 994 882 togatae

149 883 269 946 5Filius
285 889 318 942 et
331 883 431 961 possit
445 902 586 963 sponsam
599 889 632 942 te
646 902 759 964 sponsa
771 903 897 944 vocare:

170 964 345 1026 Emendare
360 983 461 1043 meos,
484 985 560 1045 quos
573 968 659 1027 novit
672 967 767 1045 fama,
788 966 917 1028 libellos

169 1051 211 1109 llt
225 1051 283 1111 tibi
302 1049 456 1128 permittis
470 1048 582 1110 felices
598 1069 728 1130 carpere
740 1069 853 1129 nugas:

169 1133 250 1211 Has,
271 1134 410 1211 inquam,
431 1151 544 1211 nugas,
567 1135 675 1210 quibus
691 1152 795 1194 aurem
812 1133 979 1196 advertere
994 1143 1086 1199 totam

170 1217 239 1277 Non
255 1222 458 1296 aspernantur
470 1235 618 1296 proceres
634 1218 781 1296 urbisque
795 1218 938 1297 forique,

129 1311 163 1363 lo
171 1301 252 1376 Quas
266 1306 300 1360 et
313 1302 458 1380 perpetui
474 1299 638 1378 dignantur
652 1303 765 1361 scrinia
782 1300 841 1362 Sili

168 1385 210 1446 Et
222 1385 339 1464 repetit
352 1385 468 1444 totiens
482 1381 613 1443 facundo
628 1383 764 1462 Regulus
780 1403 850 1462 ore,

171 1469 292 1546 Quique
304 1465 390 1528 videt
403 1468 530 1547 propius
544 1469 645 1545 magni
659 1468 826 1528 certamina
840 1468 927 1530 Girci

168 1552 288 1612 Laudat
301 1552 471 1611 Aventinae
483 1551 599 1610 vicinus
618 1552 697 1611 Sura
709 1553 833 1614 Dianae.

168 1636 237 1716 lpse
253 1636 346 1696 etiam
360 1641 445 1694 tanto
461 1633 601 1695 dominus
615 1637 670 1694 sub
685 1634 825 1714 pondere
839 1654 947 1698 rerum

127 1721 236 1783 15Non
251 1717 435 1794 dedignata-r
449 1719 497 1777 bis
511 1724 623 1796 terque
637 1717 797 1778 revolvere
813 1720 937 1780 Caesar.

169 1802 231 1863 Sed
247 1803 305 1861 tibi
319 1801 387 1881 plus
401 1802 529 1879 mentis,
551 1803 608 1861 tibi
624 1821 676 1861 cor
688 1800 816 1862 limante
830 1803 973 1865 Minerva

169 1886 280 1946 Acrius
295 1894 327 1944 et
340 1891 451 1944 tenues
465 1886 621 1944 finxerunt
633 1892 742 1965 pectus
756 1887 908 1948 Athenae.

168 1969 214 2029 Ne
229 1966 362 2046 valeam,
382 1969 408 2028 si
422 1987 483 2027 non
499 1967 595 2028 multo
611 1970 691 2049 sapit
707 1967 798 2029 altius
814 1968 909 2048 illud,

170 2051 260 2128 Quod
275 2072 341 2112 cum
356 2053 529 2132 panticibus
542 2051 618 2111 laxis
634 2060 666 2112 et
683 2072 750 2112 cnm
767 2052 848 2132 pede
864 2053 973 2132 granffi

126 2137 209 2200 nont
224 2139 318 2196 rubro
332 2135 478 2216 pulmone
492 2142 580 2196 vetus
594 2136 738 2214 nasisque
755 2135 925 2197 timendum

169 2222 279 2281 Omnia
293 2219 429 2280 crudelis
441 2219 541 2279 lanius
556 2238 613 2298 per
628 2221 761 2300 compita
775 2226 889 2300 portat.

168 2304 274 2365 Audes
292 2311 474 2383 praetereo,
501 2323 576 2381 qnos
591 2301 692 2362 nullus
708 2305 846 2382 noverit,
868 2304 901 2364 in
916 2325 965 2366 me

168 2389 314 2448 Scribere
328 2385 497 2447 versiculos
512 2388 639 2446 miseras
654 2393 687 2446 et
699 2386 835 2467 perdere
850 2388 982 2454 chartas,

168 2472 210 2531 At
224 2473 251 2530 si
265 2469 340 2550 quid
353 2477 477 2530 nostrae
492 2472 550 2529 tibi
563 2468 636 2529 bilis
650 2471 798 2531 inusserit
818 2469 928 2551 ardor,

125 2555 258 2618 25Vivet
272 2561 305 2614 et
318 2555 461 2613 haerebit
472 2559 598 2631 totoque
612 2553 735 2631 legetur
749 2557 781 2614 in
796 2557 890 2633 urbe,

168 2638 316 2716 Stigmata
328 2656 386 2697 nec
403 2637 487 2697 vafra
502 2634 621 2697 delebit
634 2637 799 2699 Cinnamus
815 2645 892 2704 arte.

169 2721 232 2783 Sed
246 2724 395 2783 miserere
411 2724 472 2801 tui,
493 2720 601 2781 rabido
616 2740 674 2781 nec
688 2722 829 2801 perditus
843 2740 899 2781 ore

165 2807 348 2870 Fumantem
362 2826 468 2867 nasum
480 2808 540 2867 vivi
555 2808 754 2886 temptaveris
768 2808 842 2866 ursi.

167 2891 216 2952 Sit
228 2890 366 2972 placidus
380 2890 457 2951 licet
471 2896 504 2950 et
516 2888 632 2950 lambat
648 2889 822 2969 digitosque
837 2907 1023 2971 manusque,

124 2975 199 3038 ooSi
214 2974 303 3035 dolor
319 2980 353 3035 et
366 2972 455 3049 bilis,
476 2974 503 3032 si
520 2977 600 3031 iusta
614 2974 754 3052 coegerit
765 2977 827 3052 ira,

166 3058 264 3120 Ursus
279 3059 356 3117 erite
376 3075 470 3116 vacua
485 3053 594 3115 dentes
609 3057 641 3116 in
655 3056 741 3138 pelle
755 3059 865 3137 fatiges

100 3178 108 3193 ·
165 3141 207 3202 lit
222 3142 345 3202 tacitam
361 3157 505 3219 quaeras,
526 3158 613 3218 quam
629 3143 729 3221 possis
742 3142 873 3220 rodere,
895 3162 1028 3204 carnem,

550 3273 642 3337 LXV.

166 3391 382 3471 „Hermetris
397 3393 583 3473 epigramma
597 3391 695 3452 facis“
713 3393 776 3452 scio
794 3391 899 3453 dicere
916 3392 1100 3453 'luccam'l

208 3475 329 3556 Tucca,
351 3473 433 3538 solet
444 3477 531 3554 fleri,
554 3476 705 3555 denique,
727 3476 846 3555 Tucca,
867 3476 955 3542 licet.
