2370 3924
91 223 135 288 84
415 223 460 285 M.
475 223 566 286 VAL.
581 223 806 284 MARTIALlS

178 377 253 454 Quis
270 375 360 436 siccis
373 371 495 436 lascivit
509 376 595 453 aquis
610 381 643 435 et
656 378 692 436 ab
708 377 836 437 aethere
850 376 954 441 ludit?

219 459 366 540 Suspicor
379 459 435 518 has
448 460 538 538 pueri
554 458 694 519 Caesaris
708 478 776 520 esse
790 462 885 525 nives.

586 591 628 652 IV

177 689 266 768 Quod
282 691 382 750 siccae
397 686 521 748 redolet
533 684 622 767 palus
634 686 758 748 lacunar
770 731 780 767 ‚

178 773 349 835 Crudarum
363 769 496 832 nebulae
514 768 596 849 quod
610 769 807 852 Albularum,

176 858 319 931 Riseruae
333 862 422 916 vetus
437 874 511 915 aura
525 853 608 932 quod
621 856 774 935 murinae,

178 938 268 1018 Quod
282 959 391 1020 pressa
404 940 494 1019 piger
509 938 614 998 hircus
628 940 661 998 iu
675 937 812 1019 capella,

157 1025 268 1085 olrassi
280 1023 440 1084 vardaicus
456 1021 538 1102 quod
553 1023 687 1100 evocati,

179 1106 269 1185 Quod
283 1109 331 1168 bis
346 1108 463 1166 murice
480 1104 578 1166 vellus
592 1107 800 1185 inquinatum,

179 1189 268 1269 Quod
282 1192 398 1252 ieiunia
412 1190 669 1268 sabbatariarnm,

176 1275 368 1336 Maestorum
383 1273 465 1354 quod
480 1271 635 1333 anhelitus
649 1292 788 1352 reorum,

177 1359 267 1436 Quod
280 1377 410 1440 spurcae
424 1359 559 1418 moriens
573 1355 701 1417 lucerna
713 1356 834 1437 Ledae,

134 1443 263 1520 loQuod
278 1449 432 1504 ceromata
446 1443 534 1502 faece
550 1440 589 1500 de
604 1440 732 1519 Sabina,

178 1527 268 1605 Quod
282 1526 382 1608 volpis
396 1528 486 1606 fuga,
504 1527 631 1606 viperae
647 1522 765 1602 cubile,

176 1610 305 1672 Mallem
322 1632 409 1690 quam
428 1608 510 1689 quod
525 1608 592 1670 oles
607 1608 709 1687 olere,
732 1609 832 1670 Bassa.

178 1843 235 1903 Vir
250 1844 348 1901 bonus
365 1846 397 1901 ct
411 1859 529 1920 pauper
543 1744 708 1919 liudbaque
723 1847 756 1901 et
768 1845 899 1921 pectore
912 1861 1022 1927 verns,

138 1948 140 1953 ·
221 1924 301 2001 Quid
317 1925 375 1985 tibi
388 1925 452 2002 vis,
474 1926 582 1985 urbem
598 1926 666 2004 qui,
687 1925 840 2003 Fabiana,
861 1928 966 2006 petis?

176 2008 235 2083 9ιί
250 2026 308 2068 nec
326 2005 399 2067 leuo
413 2013 504 2088 potes
520 2027 578 2069 nec
593 2010 771 2069 comissator
785 2010 911 2091 haberi,

218 2092 284 2152 Nec
297 2091 424 2172 pavidos
440 2093 524 2152 tristi
538 2111 613 2153 voce
628 2094 725 2154 citare
738 2111 828 2168 reos;

154 2174 241 2236 5Nec
255 2183 346 2256 potes
360 2194 487 2236 uxorem
502 2178 565 2238 cari
581 2196 780 2257 corrumpere
795 2177 900 2255 amici,

217 2260 283 2320 Nec
297 2267 387 2340 potes
403 2258 542 2339 algentes
557 2263 696 2340 arrigere
711 2259 749 2321 ad
764 2261 900 2340 vetulus,

175 2343 323 2406 Vendere
338 2363 396 2404 nec
410 2364 502 2404 vanos
522 2348 637 2404 circum
651 2343 769 2406 Palatia
782 2346 898 2423 fumos,

215 2424 371 2488 Plaudere
386 2446 444 2487 nec
460 2428 559 2506 (iano,
580 2426 730 2508 plaudere
746 2448 804 2491 nec
820 2426 990 2510 Glaphyro.

174 2510 265 2571 Unde
280 2512 374 2570 miser
389 2511 495 2570 vives?
524 2513 645 2589 „Homo
662 2519 781 2590 certus,
804 2513 884 2574 fidus
899 2515 1054 2577 amicus—

133 2603 167 2655 lo
216 2595 284 2653 Hoc
300 2592 378 2654 nibil
395 2599 458 2653 est:
480 2613 632 2673 nunquam
652 2598 695 2658 sic
710 2594 901 2659 Philomelus
918 2598 990 2662 eris.

581 2729 632 2792 Vl.

175 2840 271 2902 Credi
286 2844 406 2921 virgine
422 2846 535 2904 castior
549 2844 660 2924 pudica

173 2925 215 2985 Et
231 2926 345 2987 frontis
360 2933 488 2987 tenerae
503 2929 588 3006 cupis
601 2927 718 3007 videri,
811 2927 813 2933 ’

176 3007 253 3068 Cum
269 3011 310 3069 sis
324 3010 511 3090 improbior,
533 3007 715 3089 Malisiane,

174 3092 270 3167 Quam
287 3095 339 3171 qui
354 3094 539 3172 compositos
554 3100 653 3153 metro
671 3092 792 3155 Tibulli

152 3173 210 3235 blu
223 3174 343 3236 Stellae
359 3178 471 3237 recitat
485 3176 574 3238 domo
589 3175 725 3240 libellos.

570 3294 635 3356 Vll.

174 3384 238 3445 Cur
251 3386 328 3446 here
345 3387 426 3464 quod
442 3387 593 3468 dederas,
612 3388 723 3468 hodie,
745 3409 823 3469 puer
835 3387 949 3469 Hylle,
971 3393 1112 3470 negasti,

211 3469 314 3530 Durus
329 3477 390 3530 tam
408 3474 528 3552 subito,
551 3475 603 3552 qui
618 3473 709 3534 modo
724 3475 806 3534 mitis
822 3475 914 3534 eras?
