2370 3924
331 222 670 285 EPIGRAMMATON
685 224 759 287 Llll.
771 226 792 286 1.
1042 228 1083 292 13

549 423 586 488 V.

129 539 177 599 llo
193 537 251 598 tibi
265 535 490 614 naumachiam,
513 541 548 597 tu
562 534 616 597 das
631 537 851 616 epigrammata
864 539 969 601 nobis:

171 621 244 700 Vis,
264 625 356 701 puto,
379 640 447 681 cum
461 619 560 698 libro,
581 619 705 699 Marce,
727 626 836 681 neure
849 627 911 683 tuo.

543 767 595 832 Vl.

129 878 295 942 Aetherias
310 873 413 957 aquila
426 896 556 959 puerum
569 884 714 959 portante
728 897 786 960 per
802 899 890 942 auras

172 962 317 1024 lllaesum
331 960 447 1022 timidis
462 963 613 1042 unguibus
627 963 730 1025 haesit
743 982 835 1024 onus:

129 1049 217 1111 Nunc
232 1066 286 1107 sua
301 1046 472 1108 Caesareos
486 1053 594 1107 exorat
610 1046 727 1128 praeda
743 1046 852 1109 leones

172 1133 272 1192 Tutus
287 1136 321 1192 et
333 1130 452 1209 ingenti
465 1128 548 1193 ludit
561 1131 595 1191 in
609 1150 664 1192 ore
679 1131 779 1213 lepus.

106 1219 217 1295 5Quae
232 1216 347 1276 maiora
360 1221 450 1296 putas
462 1214 631 1276 miracula?
652 1236 786 1278 summus
798 1216 938 1295 utrisque

170 1302 287 1362 Auctor
303 1297 406 1361 adesto
425 1300 504 1361 haec
520 1305 592 1360 sunt
607 1300 765 1380 Caesaris,
787 1296 845 1362 illa
857 1299 945 1361 lovis.
976 1336 980 1343 -

530 1450 596 1513 vll.

128 1560 247 1624 Stellae
263 1558 408 1621 delicium
422 1563 483 1622 mei
497 1559 652 1638 columbo,

128 1648 258 1710 Verona
271 1643 350 1705 licet
366 1643 510 1705 audiente
525 1641 641 1722 dicam,

73 1790 78 1797 ,
128 1731 230 1808 Vicit,
251 1728 401 1807 Maxime,
422 1746 581 1809 passerem
596 1724 723 1789 catulli.

129 1815 231 1874 Tanto
246 1810 346 1876 Stella
360 1831 446 1874 meus
462 1818 514 1874 tuo
530 1810 671 1890 Catullo,

98 1900 250 1976 5Quinto
264 1915 391 1977 passere
406 1897 503 1958 maior
519 1902 569 1958 cst
582 1894 729 1958 columba.

529 2059 607 2123 Vlll.

130 2172 222 2253 Quod
235 2172 337 2252 magni
352 2170 512 2233 Thraseae
527 2171 789 2250 consummatique
805 2168 931 2230 Catonis

171 2258 320 2338 Dogmata
334 2256 379 2316 sic
394 2255 552 2335 sequeris,
574 2253 673 2314 salvus
687 2259 723 2314 ut
737 2272 806 2315 esse
822 2250 917 2331 velis,

126 2343 262 2403 Pectore
277 2337 433 2404 necnudo
449 2339 575 2399 strictos
589 2338 723 2399 incurris
737 2339 770 2398 in
786 2356 893 2416 enses,

171 2423 262 2503 Quod
276 2423 390 2484 fecisse
404 2419 498 2483 velim
511 2427 561 2501 tc,
583 2421 734 2502 Deciano,
756 2423 842 2484 facis.

102 2507 206 2573 tNolo
221 2510 319 2570 virum
335 2505 420 2568 facili
433 2505 559 2567 redimit
574 2508 787 2590 quiusanguine
804 2506 931 2586 lamam,

169 2595 261 2654 Hunc
275 2590 362 2671 volo,
382 2587 501 2651 laudari
516 2590 568 2671 qui
583 2593 651 2674 sine
669 2596 770 2652 morte
783 2597 897 2672 potest.

505 2754 587 2814 lx,

127 2866 235 2930 Bellus
249 2869 340 2929 horno
357 2871 390 2928 et
403 2884 530 2944 magnus
543 2866 588 2925 vis
603 2864 704 2944 idem,
728 2864 836 2945 cotta,
856 2864 971 2928 videri:

169 2950 235 3014 Sed
251 2953 303 3033 qui
318 2947 524 3036 bellushomo
540 2955 605 3030 est,
628 2948 736 3030 Cotta,
748 2949 881 3034 pusillus
894 2951 986 3015 homo
1002 2961 1060 3015 est.

540 3100 570 3162 X

124 3215 211 3275 Petit
225 3209 385 3276 Gemellus
399 3214 521 3294 nuptias
534 3209 719 3275 Maronillae

123 3298 166 3359 lit
181 3299 267 3380 cupit
281 3304 315 3358 et
327 3299 422 3358 instat
435 3302 467 3358 et
481 3303 626 3378 precatur
640 3302 674 3358 et
687 3294 788 3359 donat.

125 3381 257 3443 Adeone
270 3378 403 3463 pulchra
416 3382 486 3443 esti
505 3383 596 3443 immo
611 3379 734 3442 foedius
747 3379 794 3441 nil
809 3385 866 3445 est.

126 3465 210 3544 Quid
224 3485 299 3547 ergo
314 3468 348 3528 in
361 3463 416 3528 llla
429 3467 548 3547 petitur
563 3470 596 3525 et
608 3461 736 3549 placati
767 3465 888 3530 Tussit.
