2370 3924
306 213 645 277 EPIGRAMMATON
657 215 731 276 LIB.
746 216 797 280 lx.
870 236 880 246 ⁸
1010 219 1073 282 225

160 368 313 448 Abstulit,
335 369 372 428 ab
389 368 495 447 Stygia
510 389 578 429 cum
593 386 669 427 cane
683 369 769 429 venit
784 390 877 449 aqua3

113 453 293 516 Fecundam
307 453 406 512 vetuit
423 453 564 533 reparari
577 453 727 512 mortibus
741 452 887 532 hydram,

69 551 109 604 ιο
158 538 328 617 Hesperias
343 535 445 595 Tusco
460 536 534 596 lavit
548 537 581 594 in
596 553 684 595 amne
698 538 801 596 boves.

114 622 202 683 Haec
216 622 316 680 minor
330 618 472 679 Alcides:
491 621 588 679 maior
603 638 681 697 quae
696 623 844 700 gesserit,
866 621 952 701 audi,

158 705 270 766 Sextus
284 705 321 764 ab
336 702 455 764 Albana
469 722 560 784 quem
574 701 651 763 colit
665 722 737 764 arce
751 702 839 786 lapis.

115 789 259 850 Asseruit
271 805 414 867 possessa
428 787 515 847 malis
528 784 646 846 Palatia
661 789 781 866 regnis:

156 873 261 933 Prima
276 891 330 931 suo
346 873 442 948 gessit
456 890 512 952 pro
528 872 598 931 love
612 870 696 931 bella
709 891 796 951 puer.

71 969 107 1023 15
115 956 206 1017 Solus
220 953 319 1016 luleas
334 974 403 1015 cum
416 956 477 1014 iam
493 956 648 1015 retineret
660 955 812 1033 habenas,

158 1038 304 1100 Tradidit
316 1039 411 1118 inque
427 1059 481 1099 suo
496 1040 607 1098 tertius
622 1040 698 1098 orbe
712 1040 780 1100 fuit.

116 1125 239 1186 Cornua
253 1121 415 1183 Sarmatici
429 1130 479 1182 ter
493 1121 614 1202 perfida
627 1122 768 1183 contudit
783 1124 900 1202 Histri,

157 1206 326 1268 Sudantem
342 1206 452 1267 Getica
466 1213 517 1266 ter
534 1208 605 1265 nive
620 1204 695 1266 lavit
710 1226 831 1285 equum.

115 1291 216 1372 Saepe
230 1296 388 1351 recusatos
402 1309 513 1371 parcus
528 1289 651 1350 duxisse
666 1291 839 1370 triumphos

68 1388 107 1441 20
156 1375 267 1438 Victor
281 1374 488 1454 Hyperboreo
502 1392 615 1434 nomen
630 1376 667 1433 ab
683 1376 758 1434 orbe
774 1374 857 1440 tulit.¹

115 1457 246 1540 Templa
264 1456 348 1537 deis,
369 1477 471 1518 mores
485 1457 599 1539 populo
614 1455 716 1536 dedit,
737 1459 798 1518 otia
812 1459 914 1537 ferro,

156 1545 251 1604 Astra
265 1543 345 1620 suis,
368 1541 453 1602 caelo
470 1539 590 1620 sidera,
613 1547 697 1601 serta
708 1542 781 1602 Iovi.

113 1624 304 1688 Herculeum
318 1627 412 1686 tantis
427 1644 540 1686 numen
555 1644 618 1684 non
632 1625 748 1685 sufficit
762 1627 854 1687 actis:

157 1711 293 1790 Tarpeio
309 1707 385 1769 deus
400 1711 451 1770 hic
467 1707 642 1770 commodet
659 1729 713 1768 ora
726 1710 817 1790 patri.

522 1845 583 1905 Cll.

114 1954 417 2036 Quadringentorum
430 1957 536 2018 reddis
551 1960 641 2036 mihi,
662 1959 808 2040 Phoebe,
827 1962 971 2023 tabellas:

158 2039 290 2102 Centum
306 2040 344 2100 da
357 2042 460 2122 potius
475 2049 595 2121 mutua,
617 2043 760 2122 Phoebe,
783 2047 867 2106 mihi.

114 2125 237 2204 Quaere
252 2123 362 2204 alium,
385 2127 434 2185 cui
449 2131 481 2187 te
496 2134 557 2186 tam
574 2147 651 2187 vano
667 2146 794 2187 munere
811 2131 923 2189 iactes:

157 2206 247 2285 Quod
261 2209 319 2269 tibi
333 2228 395 2269 non
414 2229 539 2289 possum
552 2209 690 2288 solvere,
711 2211 855 2290 Phoebe,
878 2230 980 2273 meum
993 2220 1050 2274 est.

515 2343 589 2404 Glll.
700 2338 701 2342 ’

113 2454 200 2533 Quae
214 2473 292 2515 nova
306 2461 367 2515 tam
382 2453 499 2515 similes
514 2457 620 2535 genuit
634 2457 692 2517 tibi
705 2457 792 2518 Leda
806 2458 988 2519 ministros‘.l

157 2538 243 2617 Quae
258 2545 346 2620 capta
360 2544 409 2598 est
421 2537 482 2600 alio
499 2539 581 2601 nuda
593 2541 734 2601 Lacaena
748 2543 869 2622 cycno?

112 2622 172 2682 Dat
185 2623 296 2683 faciem
312 2620 423 2684 Pollux
437 2625 552 2703 Hiero,
572 2624 625 2684 dat
640 2626 751 2686 Gastor
765 2625 883 2704 Asilio,

156 2706 258 2785 Atque
273 2708 307 2766 iu
320 2713 453 2785 utroque
466 2710 547 2766 nitet
563 2708 718 2786 Tyndaris
734 2728 789 2769 ore
805 2728 904 2769 soror.

92 2790 178 2851 blata
192 2790 405 2871 Therapnaeis
421 2792 448 2850 si
462 2792 562 2850 forma
576 2792 688 2851 fuisset
701 2790 855 2871 Amyclis,

156 2874 231 2934 (ium
247 2876 350 2936 vicere
365 2874 439 2934 duas
455 2873 534 2934 dona
548 2875 666 2934 minora
682 2875 771 2950 deas;

112 2957 297 3037 Mansisses‚
320 2959 458 3038 Helene,
480 2948 707 3038 Phrygiamque
721 2958 857 3020 redisset
868 2959 902 3017 in
915 2956 998 3019 Idam

155 3043 326 3103 Dardanius
340 3044 462 3122 gemino
478 3063 546 3104 cum
564 3043 744 3124 Ganymede
757 3043 855 3103 Paris.
