2370 3924
416 231 459 292 or.
476 231 568 295 vnn.
582 201 813 292 munurmrs'

579 432 643 494 LV.

175 533 327 592 Hortatur
340 531 411 591 fieri
430 529 513 608 quod
527 537 562 591 te
573 531 694 611 Lupus,
713 531 848 610 Urbim,
868 541 1007 613 patrem,

217 617 264 676 Ne
280 613 406 690 credas3
428 612 507 673 nihil
522 621 585 691 est,
608 613 691 693 quod
704 616 804 676 minua
819 614 877 677 ille
892 615 980 679 velit

175 702 236 760 Ars
252 705 300 760 est
314 697 457 780 captandi
473 697 556 776 quod
569 697 650 759 nolis
663 697 743 759 velle
758 698 875 776 videri;

217 784 264 844 Ne
278 783 373 843 facias
388 787 489 861 optat,
512 780 596 861 quod
609 789 699 861 rogat
712 789 748 842 ut
765 784 870 844 facias.

153 868 265 928 5Dicat
282 870 502 947 praegnantem
516 872 568 925 tna
582 884 616 926 se
631 867 781 927 Cosconia
795 873 931 929 tantum:
1048 856 1053 875 ⁸

216 949 366 1010 Pallidior
379 949 436 1008 fiet
450 950 510 1009 iam
524 951 667 1030 pariente
681 950 794 1031 Lupus.

174 1035 216 1094 At
229 1040 264 1094 ta
279 1031 408 1093 consilio
422 1030 606 1103 ridearirut
620 1053 692 1093 usus
707 1035 812 1112 amici,

217 1117 268 1177 Sic
282 1135 421 1194 morere,
442 1123 476 1176 ut
489 1117 603 1177 factum
619 1123 652 1177 te
666 1123 757 1198 putet
770 1135 839 1179 ease
853 1123 983 1199 patrem.

176 1313 266 1390 Quod
280 1313 405 1372 nimium
419 1318 565 1386 mortem,
587 1312 781 1372 Chaeremon
797 1309 918 1390 Stoice,
940 1311 1062 1392 laudas,

217 1397 272 1460 Vis
288 1398 419 1456 animum
433 1397 529 1454 mirer
544 1397 768 1475 suspiciamque
782 1401 877 1457 tuum.

174 1482 263 1541 Hanc
277 1482 334 1540 tibi
349 1481 493 1540 virtutem
508 1479 607 1539 fracta
620 1479 696 1540 lacit
709 1497 820 1539 urceus
835 1498 908 1538 ansa

216 1567 257 1625 Et
271 1565 370 1624 tristis
384 1562 469 1623 nullo
485 1564 537 1642 qui
552 1569 641 1645 tepet
653 1566 725 1642 igne
738 1563 837 1641 iocus,

156 1651 220 1712 out
233 1656 322 1727 teges
337 1655 369 1709 et
384 1648 482 1708 cimex
496 1653 529 1707 et
542 1647 619 1707 nudi
633 1645 751 1729 sponda
765 1647 901 1726 grabati,

215 1735 257 1794 Et
274 1734 377 1793 brevis
393 1738 484 1811 atquc
498 1730 607 1791 eadem
620 1737 713 1791 nocte
728 1730 841 1810 dieque
855 1736 937 1810 toga.

174 1818 200 1878 0
216 1837 305 1896 quarn
319 1835 444 1894 magnus
459 1816 550 1875 homo
565 1834 616 1892 es,
638 1816 691 1894 qui
706 1816 794 1874 faece
808 1816 951 1876 rubentis
965 1820 1047 1878 aceti

214 1903 256 1961 Et
274 1899 385 1980 stipula
400 1906 433 1959 et
445 1901 534 1977 nigro
550 1917 629 1979 pane
645 1919 751 1959 carere
766 1901 871 1980 potes!

171 1985 353 2046 Leuconicis
370 1982 498 2061 agedum
513 1989 631 2043 tumeat
643 1985 701 2042 tibi
717 1983 829 2043 culcita
841 1983 923 2043 lanis

130 2078 166 2131 lo
215 2069 476 2146 Constringatque
491 2074 559 2126 tuos
571 2087 707 2147 purpura
721 2085 799 2145 pexa
813 2075 916 2145 toros,

172 2152 310 2211 Dormiat
325 2156 358 2210 et
372 2158 490 2227 tecum,
513 2151 566 2229 qui
583 2170 650 2209 cum
666 2150 756 2209 modo
772 2151 914 2211 Caecuba
929 2145 1041 2214 miscet

213 2236 362 2296 Convivas
376 2253 467 2294 roseo
482 2239 617 2293 torserat
632 2252 687 2293 ore
703 2253 798 2313 puer:

172 2319 198 2379 0
215 2340 303 2398 quam
321 2327 354 2378 tu
369 2320 474 2399 cupies
492 2323 543 2377 ter
557 2319 660 2376 vivere
673 2318 816 2401 Nestoris
831 2339 928 2378 annos

212 2404 254 2463 Et
267 2402 346 2461 nihil
363 2421 400 2461 ex
414 2400 479 2461 ulla
492 2400 628 2479 perdere
642 2399 712 2460 luce
725 2401 826 2461 voles!

129 2486 274 2549 15Rebus
288 2487 320 2544 in
336 2487 471 2563 angustis
487 2482 581 2543 facile
598 2490 647 2544 ert
663 2491 862 2546 contemnere
876 2488 986 2548 vitam:

211 2570 352 2630 Fortiter
365 2568 421 2629 ille
436 2569 526 2643 facit,
549 2569 602 2646 qui
615 2570 710 2627 miser
727 2587 796 2628 esse
810 2574 925 2649 potest.

563 2680 653 2742 LVII.

169 2779 310 2857 Miraris,
334 2779 424 2840 docto
442 2777 524 2859 quod
539 2781 672 2840 carmina
688 2781 777 2841 mitto
795 2780 929 2856 Severo,
1043 2842 1049 2847 ,

212 2863 261 2923 Ad
277 2883 382 2923 cenam
398 2871 527 2940 eunte,
544 2863 634 2923 docte
651 2864 783 2942 Severe,
802 2864 932 2924 vocem?

168 2947 307 3027 luppiter
323 2949 475 3007 ambrosio
489 2953 573 3006 satur
589 2952 638 3006 est
652 2954 685 3007 et
698 2955 825 3008 nectare
840 2948 931 3022 vivit3

209 3031 272 3090 Nos
288 3039 389 3091 tamen
404 3036 474 3090 exta
488 3031 550 3090 lovi
566 3030 660 3090 cruda
674 3049 854 3111 merumque
870 3030 986 3095 damus.

147 3113 281 3174 50mnia
296 3135 363 3174 cum
378 3115 435 3173 tihi
453 3115 516 3174 sint
531 3114 611 3174 dono
628 3135 773 3175 concessa
788 3115 934 3192 deorum,

211 3197 244 3256 Si
259 3198 342 3276 quod
355 3199 450 3258 habes
464 3219 526 3258 non
540 3200 601 3276 vis,
624 3217 697 3278 ergo
715 3199 790 3278 quid
804 3199 960 3280 accipies?

168 3394 244 3454 Cum
258 3413 307 3453 mc
322 3392 403 3453 velle
416 3394 503 3456 vides
519 3312 716 3474 teltllllpue,
739 3395 952 3474 Telesphoro,
972 3396 1084 3476 sentia,

206 3478 322 3559 Magna
334 3498 442 3560 rogaa3
462 3485 537 3562 puta
551 3498 600 3540 me
615 3479 711 3539 velle:
734 3497 849 3557 negare
863 3477 949 3540 licet.
