2370 3924
87 204 152 270 194
413 204 456 264 Μ.
472 201 564 265 vat.
582 202 808 264 MARTlALlS

173 358 317 438 Speranti
331 355 438 436 plures
452 389 495 402 -
508 376 578 416 nam
593 363 676 416 stare
691 364 744 416 aut
758 375 905 420 crescere
922 360 1047 424 debent

214 442 347 502 Munera
360 447 568 501 -venerunt
582 439 690 520 plusve
706 442 844 502 minusve
860 442 952 508 duae.

151 526 303 587 5Tertius
318 532 352 584 et
367 528 493 603 quartus
508 523 602 583 multo
617 524 768 584 inferiora
783 523 937 593 tulerunt.

213 609 308 669 Libra
323 609 384 668 fuit
399 609 506 687 quinto
522 607 697 687 Septiciana
712 608 847 687 quidem.

172 693 330 753 Bessalem
345 691 383 751 ad
398 689 549 752 scutulam
568 698 654 751 sexto
668 695 867 772 pervenimus
881 714 985 772 anno;

213 777 289 836 l'ost
303 778 384 835 hunc
399 777 431 834 in
445 775 549 835 cotula
563 795 631 835 rasa
646 774 762 837 selibra
777 776 848 837 data
868 785 928 840 est.

172 860 303 920 Octavus
316 857 443 938 ligulam
457 861 541 919 misit
554 865 694 920 sextante
709 861 878 937 minorem3

133 954 160 1007 10
212 944 316 1004 Nonus
331 962 387 1003 acu
400 941 500 1003 levius
515 945 564 1004 viu
579 942 743 1004 cochleare
760 943 842 1007 tulit.

173 1027 263 1104 Quod
276 1029 379 1087 mittat
393 1028 482 1086 nobis
498 1026 635 1087 decimus
649 1028 710 1087 iam
725 1035 787 1087 noa
801 1029 899 1090 habet
913 1051 1029 1094 anuum

215 1113 367 1187 Quattuor
382 1111 421 1171 ad
434 1108 548 1190 libras,
569 1110 784 1190 Postumiane,
806 1112 886 1174 redi.
994 1165 997 1169 ,

542 1274 661 1337 LXXII.

172 1388 313 1449 Nondum
327 1392 444 1451 murice
460 1388 561 1450 cultus
575 1409 748 1470 asperoque

170 1474 278 1534 Morsu
294 1477 424 1555 pumicis
440 1474 518 1534 aridi
535 1471 652 1554 politus

170 1558 324 1618 Arcanum
342 1577 491 1640 properas
507 1560 611 1638 sequi,
632 1555 760 1635 libelle,

171 1642 268 1718 Quem
282 1642 492 1723 pulcherrima
506 1643 566 1702 iam
581 1640 687 1701 redire
702 1640 823 1720 Narbo,

149 1724 263 1787 5Docti
278 1727 380 1787 Narbo
395 1728 530 1787 Paterna
544 1726 689 1803 Votieni,

171 1809 219 1868 Ad
233 1808 320 1888 leges
334 1812 422 1870 iubet
437 1828 614 1889 annuosque
631 1810 747 1882 fasces3

169 1894 259 1955 Votis
277 1893 359 1972 quod
373 1896 498 1974 paribus
514 1896 570 1954 tibi
585 1893 753 1973 petendum
767 1899 829 1971 est,

171 1977 339 2056 Continget
353 1977 440 2038 locus
454 1977 510 2038 ille
528 1984 560 2037 et
574 1979 624 2037 hic
642 1979 764 2038 amicus.

169 2061 265 2136 Quam
280 2062 390 2122 vellem
405 2064 476 2123 lieri
490 2081 576 2122 meus
590 2058 731 2121 libellus!

537 2221 669 2282 LXXlll.

168 2337 315 2413 Instanti,
339 2355 398 2413 quo
414 2353 472 2394 nec
487 2336 639 2395 sincerior
655 2333 734 2394 alter
749 2335 881 2394 habetur

209 2420 358 2497 Pectore,
381 2437 440 2478 nec
453 2420 542 2478 nivea
557 2417 754 2498 simplicitate
769 2420 872 2497 prior,

170 2503 202 2562 Si
218 2501 292 2562 dare
306 2503 351 2560 vis
366 2508 491 2561 nostrae
506 2503 588 2561 vires
606 2503 784 2580 animosque
800 2501 932 2564 Thaliae

208 2587 250 2647 Et
263 2587 381 2645 victura
394 2587 476 2665 petis
491 2586 641 2663 carmina,
663 2585 702 2643 da
717 2584 800 2665 quod
815 2605 922 2652 amem,

144 2671 300 2749 ocynthia
316 2677 349 2730 te
364 2677 464 2730 vatem
480 2671 571 2748 fecit,
593 2667 707 2729 lascive
725 2668 890 2749 Properti3

210 2755 368 2834 Ingenium
384 2753 468 2815 Galli
487 2752 618 2835 pulchra
632 2753 761 2832 Lycoris
777 2760 853 2814 erat.

165 2840 260 2900 Fama
274 2847 323 2900 est
338 2841 438 2918 arguti
452 2840 592 2899 Nemesis
607 2838 743 2897 formosa
757 2835 892 2897 Tibulli:

209 2925 321 2983 Lesbia
335 2922 475 3001 dictavit,
496 2922 587 2982 docte
603 2918 742 2998 Catulle,
763 2921 831 2981 tibi.

166 3007 236 3067 Non
252 3025 301 3066 me
315 3006 438 3084 Peligni
453 3024 511 3064 nec
526 3012 655 3084 spernet
668 3004 796 3063 Mantua
808 3011 925 3081 vatem,

127 3100 159 3150 10
210 3091 242 3150 Si
260 3111 318 3169 qua
335 3091 470 3150 Corinna
481 3090 573 3167 mihi,
596 3090 622 3149 si
639 3089 706 3166 quis
721 3086 827 3147 Alexis
845 3090 916 3150 erit.

540 3254 673 3318 LXXIV.

166 3366 395 3446 Hoplomachus
408 3387 490 3427 nunc
506 3387 557 3446 es,
578 3368 682 3428 fueras
698 3367 923 3447 ophthalmicus
938 3374 1023 3430 ante.

207 3452 326 3513 Fecisti
339 3451 476 3512 medicus
492 3452 575 3532 quod
590 3452 666 3512 facis
683 3449 915 3533 hoplomachus.
