2370 3924
91 249 153 315 182
412 250 457 311 M.
473 249 565 312 VAL.
581 248 806 310 MARTIALIS

576 450 642 511 XX.

176 572 286 633 Mutua
299 575 332 629 te
349 572 470 628 centum
486 568 649 644 sestertia,
671 567 816 646 Phoebe,
837 570 959 649 rogari,

218 655 294 715 Cum
309 653 383 712 mihi
400 651 529 711 dixisses
544 651 663 729 „exigis
677 667 752 729 ergo
766 650 892 711 nibil?“

174 738 326 818 Inquiris,
350 735 489 811 dubitas,
511 734 664 795 cunctaris
679 752 791 814 meque
807 734 916 797 diebus

217 822 328 900 Teque
343 819 451 880 decern
467 819 601 878 crucias:
620 819 681 877 iam
697 837 790 898 rogo,
807 819 954 900 Phoebe,
979 841 1066 902 nega

560 950 648 1019 XXI.

176 1067 365 1147 Perpetuam
380 1063 498 1125 Stellae
515 1063 586 1123 dum
599 1065 700 1143 iungit
713 1064 854 1126 Ianthida
867 1068 929 1128 vati

215 1150 312 1210 Laeta
326 1148 449 1227 Venus,
471 1146 549 1207 dixit
563 1147 659 1226 „Plus
674 1148 750 1209 dare
765 1169 828 1209 non
841 1150 962 1229 potui.“

173 1235 260 1294 Haec
279 1254 381 1294 eoram
397 1231 536 1307 domina;
557 1231 614 1292 sed
630 1234 762 1311 nequius
775 1231 854 1293 illud
867 1235 901 1294 ln
915 1252 1005 1294 aure:

216 1318 288 1397 „Tu
305 1336 346 1378 ne
362 1315 437 1396 quid
450 1334 573 1396 pecces,
588 1317 730 1395 exltiose,
743 1316 824 1379 vide.

153 1402 277 1482 bSaepe
293 1419 350 1481 ego
364 1399 510 1461 lascivom
523 1399 658 1460 Martem
671 1400 838 1462 furibunda
852 1399 970 1481 cecidi,

213 1487 383 1565 Legitimos
400 1491 484 1546 esset
498 1504 567 1545 cum
580 1503 672 1562 vagus
686 1492 757 1546 ante
772 1492 867 1546 toros.

174 1569 238 1631 Sed
252 1577 414 1651 postquam
428 1588 514 1629 meus
528 1573 592 1645 eat,
613 1566 697 1628 nulla
712 1588 761 1630 me
775 1568 888 1650 pellice
903 1568 1008 1631 laesit:

217 1655 295 1715 Tam
310 1654 393 1732 frugi
407 1654 481 1713 Iuno
494 1649 593 1712 vellet
606 1653 723 1714 babere
737 1653 872 1716 Iovem.“

174 1737 275 1817 Dixit,
298 1743 331 1798 et
346 1757 457 1798 arcano
471 1738 626 1816 percussit
639 1742 768 1817 pectora
779 1737 857 1798 loro.

132 1831 169 1883 10
214 1820 311 1899 Plaga
326 1822 423 1881 iuvat:
444 1820 500 1882 sed
515 1826 550 1880 tu
564 1821 642 1898 iarn,
665 1819 741 1901 dea,
763 1841 856 1902 parce
872 1828 936 1882 tuo.

562 1957 655 2017 XXII.

174 2066 264 2144 Quod
279 2068 385 2146 nobis,
406 2068 586 2146 Proculina,
607 2069 794 2146 concubino,

172 2150 219 2213 Et
228 2153 389 2211 moechum
404 2151 514 2233 modo,
534 2172 616 2213 nunc
630 2153 707 2213 facia
721 2154 881 2230 maritum,

173 2233 221 2295 Ne
234 2234 286 2295 lex
300 2235 375 2296 Iulia
389 2242 421 2296 te
438 2242 547 2297 notare
560 2238 674 2316 possit:

174 2318 243 2380 Non
257 2321 362 2399 nubis,
384 2319 565 2400 Proculina,
588 2319 644 2380 sed
661 2320 780 2381 fateris.

559 2455 665 2516 XXIII.

173 2568 265 2628 Stare
279 2570 368 2630 iubes
382 2577 522 2631 nostrum
535 2589 659 2650 semper
673 2571 747 2649 tibi,
769 2570 898 2649 Lesbia,
920 2589 1041 2652 penem:

217 2652 320 2714 crede
332 2655 423 2733 mibi,
442 2674 505 2715 non
520 2660 568 2716 est
582 2654 736 2732 mentula,
757 2652 840 2733 quod
854 2653 979 2734 digitus.

177 2735 228 2797 'Iu
241 2735 319 2798 licet
334 2745 368 2798 et
380 2740 518 2800 manibus
533 2737 655 2800 blandis
670 2745 703 2798 et
718 2739 844 2799 vocibus
857 2739 973 2821 instes,

216 2821 264 2882 'Ie
280 2831 388 2884 contra
400 2825 497 2885 facies
511 2825 678 2904 imperiosa
694 2829 747 2882 tua
761 2827 819 2882 est.

556 2957 667 3021 XXIV.

173 3064 224 3127 Ni]
237 3065 381 3127 lascivius
396 3074 444 3128 est
460 3069 656 3129 Charisiano:

174 3148 388 3211 Saturnalibus
402 3150 535 3213 ambulat
549 3159 679 3232 togatus.

556 3285 653 3350 XXV.

173 3393 378 3474 Marcelline,
399 3398 473 3458 boni
488 3396 611 3460 suboles
625 3401 747 3462 sincera
761 3402 920 3482 parentis,

211 3478 352 3542 Horrida
367 3480 531 3544 Parrhasio
548 3503 639 3565 quern
656 3491 744 3545 tenet
757 3504 830 3546 ursa
842 3485 933 3565 logo,
