2370 3924
341 208 683 321 urrunnmnauon
695 252 769 314 na.
788 253 825 312 x.

146 401 209 460 Iam
223 400 351 478 scrobe,
372 401 432 458 iam
446 399 547 477 lecto,
568 401 628 458 iarn
642 397 831 478 pollinctore
845 407 952 480 parato

188 482 347 543 Heredem
364 485 488 563 scripsit
503 501 552 542 me
569 483 681 542 Numa:
705 482 868 546 convaluit.

516 617 650 678 XCVIII.

144 730 248 791 Addat
263 747 331 788 cum
346 728 421 787 mibi
436 729 610 788 Caecubum
625 731 766 790 minister

144 815 236 874 Idaeo
254 811 422 872 resolutior
436 812 581 889 cinaedo,

146 901 213 975 Quo
227 915 285 955 nec
299 894 364 954 tilia
381 893 494 955 cultior
508 914 566 955 uec
582 915 674 972 uxor,

120 1043 123 1049 ,
144 984 210 1042 Nec
224 985 323 1040 mater
337 986 390 1038 tua
402 997 461 1038 nec
477 998 568 1039 soror
584 980 752 1057 recumbit,

120 1066 202 1129 avis
217 1068 355 1143 spectem
369 1065 472 1142 potius
486 1069 554 1122 tuos
570 1061 710 1123 lacernas

144 1151 210 1208 Aut
223 1149 334 1207 citrum
349 1152 437 1206 vetus
452 1145 636 1225 IudIcosque
651 1146 784 1206 dentes?

144 1233 313 1310 Suspectus
327 1231 385 1289 tibi
400 1248 440 1289 ue
456 1237 559 1290 tamen
573 1232 764 1304 recumbam,
892 1253 894 1258 ·

144 1317 275 1376 Praesta
290 1313 330 1372 de
345 1332 440 1392 grege
455 1311 641 1391 sordidaque
655 1312 729 1374 villa

145 1400 285 1476 'I'onsoa,
304 1396 499 1476 horridulus,
521 1397 631 1476 rudes,
653 1396 784 1478 pusillos

98 1483 267 1546 10Hircosi
282 1483 357 1541 mihi
371 1480 453 1541 filios
467 1480 595 1542 subulci.

141 1565 261 1628 Perdet
277 1573 310 1626 te
325 1564 415 1624 dolor
429 1566 496 1625 hic:
516 1567 649 1643 habere,
669 1565 775 1642 Publi,

141 1653 249 1712 Mores
264 1669 324 1709 nou
340 1651 500 1729 poteshoa
515 1651 619 1708 ethos
635 1649 801 1709 ministros.

526 1782 633 1842 xcix.

142 1897 175 1956 Si
187 1898 322 1957 Romana
336 1896 441 1955 forent
455 1897 533 1955 haec
547 1895 685 1955 Socratis
699 1916 769 1972 ora,
791 1896 923 1958 fuissent

184 1979 277 2040 Iulius
291 1981 324 2038 iu
338 1979 457 2058 Satyris
473 1977 574 2057 qualia
586 1979 685 2038 Rufus
699 1981 802 2040 habet.

563 2114 597 2175 0.

142 2227 240 2303 Quid,
263 2225 377 2304 stulte,
398 2227 513 2285 nostris
528 2226 668 2284 versibus
682 2232 751 2283 tuos
766 2226 900 2285 misces?

141 2313 218 2371 Cum
232 2309 375 2388 litigante
390 2308 463 2386 quid
480 2309 554 2385 tibi,
576 2309 685 2385 miser,
706 2306 812 2366 libro?

141 2394 223 2469 Quid
239 2411 428 2472 congregare
444 2412 512 2452 cum
526 2389 670 2451 leonibus
683 2390 792 2471 volpes

140 2475 325 2557 Aquilisque
342 2476 457 2536 similes
471 2477 576 2535 iacere
591 2482 718 2536 noctuas
736 2479 881 2554 quaeris?

117 2564 265 2624 5Habeas
278 2560 388 2622 licebit
405 2559 537 2619 alterum
551 2560 662 2640 pedem
676 2558 795 2640 Ladae,

139 2646 265 2726 Inepte,
285 2646 402 2704 frustra
418 2663 508 2704 crure
522 2642 626 2722 ligneo
643 2662 758 2704 curres.

555 2786 603 2845 01.

140 2899 249 2978 Elysio
268 2899 377 2960 redeat
392 2901 418 2960 si
432 2901 515 2959 torte
530 2900 675 2958 remissus
690 2901 727 2959 ab
743 2918 815 2977 agro

182 2982 240 3043 Ille
256 3003 310 3042 sno
326 2984 402 3043 felix
416 2985 549 3044 Caesare
566 2985 671 3044 Gabba
685 2989 789 3061 vetur,

143 3069 203 3143 Qui
218 3067 426 3147 Capitolinum
435 3070 560 3148 *pariter
575 3069 772 3146 Gabbamque
785 3068 924 3128 iocantes

183 3151 343 3228 Audierit,
366 3151 465 3211 dicet:
487 3153 634 3230 „Rustice
650 3152 771 3229 Gabba,
791 3153 892 3211 tace.“

547 3286 606 3347 CII.

140 3399 207 3474 Qua
222 3399 321 3458 factus
336 3401 457 3459 ratione
473 3401 513 3459 sit
527 3399 678 3477 requiris,

139 3483 200 3558 Qui
214 3502 367 3562 nunquam
382 3484 492 3562 futuit,
514 3490 604 3563 pater
619 3481 806 3543 Philaenus‘l

1041 253 1104 316 253
