2346 3938
66 270 127 335 lus
389 269 433 330 Μ.
448 267 540 331 VAL.
558 266 785 328 maurianis

46 524 52 533 .
190 437 275 550 ilva,
290 473 332 531 mi
346 471 478 548 Torani,
493 470 592 530 frater
606 470 773 540 carissime.
798 470 1010 551 Epigramma,
1024 491 1063 551 qui

107 560 195 616 extra
209 556 349 617 ordinem
364 555 542 634 paginarum
562 559 627 632 est,
647 550 686 613 ad
702 552 887 615 Stertinium
908 554 1063 621 clarissimo

107 640 205 700 virum
225 640 420 720 scripsimus,
448 639 501 719 qui
523 638 686 716 imaginem
700 656 800 699 meam
813 656 937 721 ponere
951 640 984 699 in
996 637 1063 700 bibli

106 723 198 784 theca
220 743 274 784 sua
301 721 406 784 voluit.
454 723 501 782 lle
530 741 590 801 quo
614 720 813 782 scribendum
834 724 895 783 tibi
919 724 1033 805 putavi,
1056 743 1063 781 ι

83 807 285 885 bignorarcs,
313 807 421 895 Avitus
441 809 501 867 iste
517 806 585 886 quis
599 811 771 866 vocaretur.
813 804 895 869 Vale
917 813 952 867 et
964 827 1032 888 para
1042 807 1063 865 h

107 891 240 970 spitium.
578 973 592 1032 l

147 1086 227 1147 llum
241 1086 329 1148 lanus
343 1086 478 1164 hiemes,
501 1086 693 1146 Domitianus
707 1091 905 1164 auctumuos,

149 1172 304 1250 Augustus
319 1170 406 1229 annis
420 1169 625 1230 commodabit
640 1174 791 1243 aestates3

148 1255 227 1315 Dum
242 1253 360 1333 grande
373 1251 480 1313 famuli
495 1271 608 1314 nomeu
623 1259 743 1314 asseret
756 1253 859 1312 Rheni

149 1339 399 1400 Germanicarum
413 1356 521 1417 magna
534 1336 586 1397 lux
599 1335 820 1412 Kalendarum

128 1422 289 1504 5Tarpeia
301 1421 410 1483 summi
425 1441 495 1483 saxa
511 1420 583 1482 dum
595 1422 693 1501 patris
707 1422 850 1498 stabunt,

152 1507 229 1567 ilum
243 1525 318 1568 voce
333 1505 463 1587 supplex
476 1505 610 1584 dumque
625 1510 696 1565 ture
710 1503 848 1585 placabit

149 1590 295 1653 Matrona
313 1589 400 1651 divae
416 1589 508 1651 dulce
523 1587 619 1650 iuliae
632 1606 761 1649 numen:

148 1674 290 1736 Manebit
304 1673 397 1736 altum
411 1673 537 1735 Flaviae
553 1672 648 1735 decus
662 1673 764 1751 gentis

150 1758 226 1819 Cum
241 1757 307 1820 sole
321 1765 355 1819 et
368 1760 460 1819 astris
475 1775 604 1835 eumque
616 1757 687 1818 luce
700 1755 845 1818 Romana.

107 1840 262 1903 loluvicta
277 1841 427 1922 quidquid
445 1841 585 1904 condidit
602 1859 723 1919 manus,
745 1838 826 1901 caeli
840 1845 898 1901 est.

565 1976 600 2035 ll.

146 2088 270 2170 Pauper
284 2089 436 2149 amicitiae
452 2109 519 2148 cum
535 2091 592 2166 sis,
614 2089 717 2168 Lupe,
737 2107 800 2148 non
816 2106 850 2147 es
865 2088 992 2162 amicae,

189 2175 231 2233 lut
246 2174 387 2254 queritur
402 2172 442 2232 de
459 2179 492 2232 te
506 2171 642 2232 mentula
658 2171 723 2231 sola
737 2169 826 2231 nihil.
1057 2171 1059 2177 '

146 2255 201 2316 llla
216 2259 365 2337 siligineis
382 2257 556 2335 pinguescit
572 2254 711 2317 adultera
727 2257 851 2332 cannis,

190 2341 352 2401 Convivam
368 2343 469 2419 pascit
482 2343 570 2419 nigra
583 2340 684 2399 farina
695 2347 789 2400 tuum.

122 2423 311 2484 biucensura
325 2425 411 2482 nives
424 2422 564 2483 dominae
580 2424 687 2485 Setina
699 2424 874 2502 liquantur,

188 2506 251 2566 Nos
270 2508 402 2567 bibimus
422 2508 513 2567 Corsi
526 2506 611 2586 pulla
624 2525 742 2568 venena
758 2505 835 2566 cadi.

146 2589 257 2669 Empta
270 2591 328 2650 tibi
342 2610 403 2649 nox
418 2596 466 2649 est
479 2589 583 2650 fundis
599 2612 661 2651 non
678 2597 743 2650 tota
758 2591 915 2670 paternis,

188 2675 278 2735 Haud
294 2694 347 2735 sua
362 2674 505 2734 desertus
520 2695 593 2734 rura
608 2673 722 2736 sodalis
738 2679 813 2735 arat.

147 2758 299 2839 Splendet
311 2760 495 2839 Erythraeis
508 2758 670 2838 perlucida
685 2759 814 2818 moecha
827 2754 963 2837 lapillis,

104 2852 138 2903 10
188 2845 318 2904 Ducitur
334 2843 491 2921 addictus,
513 2849 545 2903 te
559 2845 720 2920 intuente,
742 2840 849 2901 cliens.

146 2926 224 2987 Octo
240 2928 327 3006 Syris
341 2926 466 2988 suffulta
478 2927 568 2987 datur
581 2927 693 2987 lectica
710 2923 851 3006 puellae,

186 3010 306 3070 Nudum
322 3008 497 3089 sandapilae
513 3011 632 3092 pondus
648 3012 762 3071 amicus
776 3010 847 3070 erit.

144 3094 252 3153 lnunc
267 3101 300 3153 et
313 3095 459 3171 miseros,
483 3094 618 3174 Cybele,
640 3092 788 3175 praecide
806 3090 966 3153 cinaedos:

188 3177 274 3236 Haec
291 3183 374 3257 erat,
396 3179 474 3238 haec
489 3178 599 3240 cultris
614 3176 751 3239 mentula
767 3176 859 3256 digna
872 3177 944 3236 tuis.

478 3360 497 3395 ,
560 3315 609 3374 111.

146 3422 298 3497 Quantum
312 3423 372 3483 iam
387 3427 525 3505 superis,
548 3427 679 3503 Caesar,
702 3425 851 3503 coeloque
867 3421 982 3486 dedisti

187 3506 220 3565 Si
234 3513 358 3587 repetas
374 3514 407 3569 et
421 3511 447 3569 si
462 3507 601 3569 creditor
619 3527 688 3570 esse
704 3507 797 3587 velis,
