2370 3924
415 229 461 294 M.
476 228 568 294 vau.
583 202 810 290 mnarmms

566 431 655 492 Lxfl.

175 547 324 609 Centenis
340 542 423 624 qued
438 546 514 604 emis
529 562 643 625 pueros
658 551 691 604 et
707 563 800 624 saepe
816 543 960 626 ducenis,

217 629 307 707 Quod
322 631 377 689 sub
392 647 467 706 rege
483 629 579 688 Numa
594 628 718 689 condita
731 630 801 688 vina
814 628 912 706 bibis,

175 714 265 791 Quod
279 719 399 774 constat
416 711 542 772 deciens
557 713 613 772 tibi
629 732 690 771 non
705 709 842 795 spatiosa
854 711 1012 793 supellex,

216 799 310 858 Libra
324 795 407 876 qued
421 798 541 875 argenti
555 795 640 855 milia
655 797 790 875 quinque
804 797 902 875 rapit,

153 883 280 946 5Aurea
300 879 381 960 qued
395 879 483 939 fundi
500 882 603 960 pretio
618 899 745 939 carruca
757 888 901 960 paratur,

217 963 307 1042 Quod
320 963 419 1044 pluris
434 963 514 1024 mula
532 970 596 1040 est,
620 983 709 1043 quam
726 963 833 1023 domus
848 968 951 1043 empta
964 963 1043 1024 tibls

176 1051 262 1110 Haec
278 1050 376 1108 anime
391 1067 500 1127 magno
516 1047 618 1108 credis
635 1053 684 1126 te,
704 1047 834 1125 Quinte,
855 1047 992 1127 parare?

216 1132 364 1194 Falleris:
386 1134 464 1192 haec
479 1134 612 1209 animus,
633 1132 763 1210 Quinte,
784 1129 916 1212 pusillus
933 1131 1028 1192 emit.

557 1265 661 1326 LXIII.

175 1379 293 1456 Getile,
314 1378 522 1441 bellushomo
538 1398 587 1439 es:
610 1379 716 1439 dicunt
730 1381 805 1457 hec,
828 1378 949 1458 Catile,
970 1377 1073 1441 multi.

215 1463 332 1524 Audio:
354 1463 410 1524 sed
424 1462 499 1543 quid
513 1465 569 1542 sit,
592 1462 642 1523 die
655 1464 745 1540 mihi,
767 1463 1000 1524 bellushomo?

176 1547 302 1626 „Bellus
316 1549 408 1633 homo
426 1554 489 1626 est,
511 1549 608 1608 fleres
625 1550 676 1626 qui
693 1547 808 1625 digerit
823 1548 933 1608 ordine
950 1548 1074 1626 ermes,

216 1631 356 1693 Balsama
371 1633 423 1712 qui
438 1650 577 1712 semper,
599 1633 737 1691 cinnama
751 1649 874 1712 semper
889 1631 970 1706 olet;

153 1716 306 1776 5Gantica
321 1718 373 1795 qui
387 1716 466 1792 Nili,
490 1717 541 1793 qui
557 1715 707 1776 Gaditana
721 1721 874 1793 susurrat,

217 1800 277 1874 Qui
293 1804 395 1859 movet
408 1801 442 1858 in
455 1800 555 1859 varios
570 1799 695 1857 brachia
708 1797 793 1858 volsa
804 1799 930 1873 medos;

173 1882 260 1942 Inter
278 1882 428 1942 femineas
442 1889 508 1942 tuta
524 1884 577 1961 qui
590 1880 662 1942 luce
677 1882 840 1943 cathedras

217 1966 348 2027 Desidet
363 1973 454 2044 atque
470 1965 572 2045 aliqua
587 1983 710 2046 semper
724 1969 756 2025 in
772 1985 845 2027 aure
860 1971 965 2043 sonat,

178 2051 237 2125 Qui
251 2050 330 2128 legit
343 2052 416 2110 hinc
431 2049 518 2110 illinc
532 2050 639 2109 missas
654 2051 824 2129 scribitque
839 2048 989 2126 tabellas,

135 2144 168 2196 10
216 2133 315 2195 Pallia
329 2136 422 2195 vieini
438 2136 489 2213 qui
506 2135 622 2212 refugit
635 2135 747 2209 cubiti3

176 2219 235 2295 Qui
249 2221 324 2296 scit,
344 2239 434 2298 quam
451 2220 517 2296 quis
532 2224 629 2295 amet,
650 2219 702 2296 qui
716 2237 774 2297 per
787 2218 924 2278 convivia
937 2217 1058 2294 currit,

217 2302 343 2382 Hirpini
358 2308 480 2362 veteres
496 2304 549 2380 qui
565 2304 645 2361 bene
663 2303 749 2362 novit
764 2300 868 2362 avos.“

176 2384 257 2461 Quid
270 2386 401 2445 narras?
415 2387 475 2445 hoc
490 2392 553 2462 est,
574 2386 635 2444 hec
650 2392 699 2444 est
714 2386 822 2463 hemo,
844 2382 963 2462 Getile,
985 2383 1116 2450 bellus?

217 2468 278 2528 Res
293 2472 466 2549 pertricosa
480 2474 544 2544 est,
568 2466 686 2546 cotile,
708 2467 810 2529 bellus
827 2470 928 2532 homo.

555 2604 662 2667 LXIV.

176 2713 301 2774 Sirenas
316 2712 447 2775 hilarem
459 2715 664 2793 navigantium
681 2735 811 2797 poenam

174 2796 368 2878 Blandasque
383 2804 499 2859 mortes
514 2799 718 2881 gaudiumque
734 2799 879 2878 crudele,
969 2811 972 2819 '

175 2882 257 2956 Quas
271 2901 361 2942 nemo
378 2883 529 2961 quondam
544 2883 710 2945 deserebat
725 2883 858 2962 auditas,

174 2961 280 3025 Fallax
293 2966 399 3026 Ulixes
419 2965 532 3025 dicitur
546 2965 721 3045 reliquisse.
804 3007 811 3018 κ

151 3048 243 3108 5N0n
258 3049 368 3108 miror:
390 3046 487 3125 illud,
507 3049 669 3129 cassiane,
691 3053 837 3128 mirarer,

175 3130 209 3190 Si
222 3130 412 3192 fabulantem
429 3132 557 3192 Gauium
571 3132 761 3214 reliquisset.

562 3267 656 3331 LXV.

175 3373 264 3451 Quod
281 3377 378 3456 spirat
391 3386 501 3439 tenera
515 3380 625 3441 malum
639 3378 802 3441 mordente
817 3374 936 3461 puella,

217 3459 306 3536 Quod
321 3459 360 3521 de
375 3463 508 3543 Corycio
524 3483 601 3544 quae
618 3465 703 3526 venit
719 3485 790 3525 aura
805 3483 915 3540 creco;
