2370 3924
413 239 458 301 M.
475 238 566 301 VAL.
582 238 808 299 MARTIALIS

588 439 637 500 Ill.

176 551 282 612 Omnis
296 552 329 610 iu
345 551 405 610 hoo
420 550 527 630 gracili
540 551 711 613 quaouura
725 555 817 614 turbu
832 552 942 616 libello

219 634 381 694 Constabit
395 637 525 694 nummis
540 643 686 714 quattuor
701 643 804 718 empta
817 639 887 701 tibi.

177 719 328 793 Quattuor
346 723 395 776 est
408 719 557 777 nimium?
577 722 696 799 poterit
713 727 857 782 constare
872 721 1009 800 duobus,

217 802 258 861 Et
272 801 367 860 faciet
379 799 500 860 luorum
514 803 682 883 bibliopola
696 803 858 884 Tryphon.

153 885 264 947 5Haeo
277 884 353 945 lieet
368 885 541 964 hospitibus
555 905 612 965 pro
628 905 756 946 munere
774 886 909 948 disticha
922 891 1042 967 mittas,

220 967 253 1026 Si
268 969 326 1027 tibi
341 974 404 1026 tam
419 987 523 1046 rarus,
550 988 639 1048 quam
653 971 745 1048 mihi,
768 990 909 1031 nummus
925 975 996 1034 erit.

176 1049 293 1111 Addita
306 1070 364 1131 per
379 1049 488 1112 titulos
508 1071 561 1112 sua
576 1055 698 1112 uomina
713 1055 806 1115 rebus
821 1057 969 1116 habebis:

215 1135 417 1213 Praetereas‚
440 1137 466 1195 si
482 1134 555 1215 quid
569 1155 632 1195 nou
645 1136 722 1197 facit
736 1135 774 1196 ad
789 1140 989 1200 stomachum.

535 1283 586 1342 IV.
617 1281 690 1342 lito.

176 1394 271 1453 Serus
285 1400 319 1453 ut
333 1395 491 1454 aetheriae
507 1394 709 1455 Germanicus
724 1397 858 1474 imperet
873 1396 963 1458 aulae

217 1478 320 1555 thue
337 1476 389 1537 diu
402 1479 513 1555 terris,
537 1476 576 1538 da
591 1480 643 1559 pia
656 1485 726 1538 tura
741 1479 811 1538 Iovi.

529 1628 567 1690 V·
587 1629 690 1710 Piper.

177 1736 276 1798 cerea
292 1756 368 1814 quae
385 1736 489 1817 patulo
503 1737 590 1798 lucet
603 1737 735 1799 ficedula
751 1736 873 1817 lumbo,

218 1820 295 1880 (ium
309 1823 367 1880 tibi
381 1828 465 1881 sorte
482 1821 589 1900 datur,
612 1823 638 1881 si
653 1824 751 1903 sapis,
775 1821 854 1882 adde
868 1825 972 1904 piper.

515 1956 565 2016 Vl.
589 1953 712 2016 Holioo.

174 2065 236 2124 Nos
251 2063 395 2141 halitum,
417 2067 534 2144 poterit
549 2066 679 2125 mulsum
694 2069 751 2126 tibi
765 2048 891 2127 mittere
909 2069 1011 2135 dives.

189 2205 191 2208 ,
215 2148 248 2207 Si
264 2149 320 2208 tibi
337 2147 474 2218 noluerit
489 2151 613 2209 mittere
630 2151 730 2228 dives,
752 2170 845 2214 emes.

520 2283 583 2344 Vll.
609 2284 706 2343 haba.

174 2392 206 2452 Si
222 2401 343 2473 spumet
358 2397 451 2454 rubra
466 2397 591 2454 conchis
609 2396 667 2454 tibi
681 2392 796 2474 pallida
811 2403 911 2474 testa,

213 2476 379 2536 Lautorum
394 2479 478 2537 cenis
494 2497 586 2557 saepe
601 2497 714 2556 negare
730 2485 828 2558 potes.

521 2611 598 2671 Vlll.
622 2612 697 2673 Far.

70 2758 81 2763 -
170 2723 275 2784 imbue
289 2720 427 2803 plebeias
443 2720 578 2781 Clusinis
595 2722 731 2802 pultibus
748 2720 844 2798 ollas,

212 2808 256 2868 Ut
274 2813 357 2868 satur
372 2808 405 2865 iu
418 2808 520 2866 vacuis
538 2805 639 2866 dulcia
652 2813 750 2866 musta
764 2807 860 2865 bibas.

525 2941 575 3000 lx.
597 2939 689 2999 Leno.

170 3049 287 3131 Aooipe
301 3051 467 3131 Niliacam,
489 3052 614 3113 Pelusia
628 3072 772 3130 munera,
793 3051 931 3113 lentem:

214 3133 315 3196 Vilior
331 3143 380 3197 est
395 3136 513 3216 halica,
536 3139 637 3197 carior
651 3137 704 3196 illa
722 3138 801 3198 saba.

519 3270 556 3331 X.
580 3269 698 3331 Simila.

134 3390 139 3399 ⁴
169 3374 234 3439 Neo
249 3379 338 3440 dotes
354 3382 472 3441 similae
495 3387 595 3464 possis
611 3402 774 3444 numerare
789 3403 847 3443 neo
863 3402 953 3459 usus,

210 3463 326 3526 Pistori
342 3465 458 3525 totiens
473 3487 539 3527 cum
555 3471 595 3527 sit
611 3475 644 3527 et
659 3475 729 3547 apta
744 3488 826 3527 coco.
