2370 3924
417 214 808 277 M.VAL.MART1AL18
882 282 885 287 .

566 414 647 477 XIV.

175 526 295 587 Sedere
309 529 409 607 primo
425 526 536 588 solitus
552 528 585 586 iu
601 526 698 606 gradu
713 545 839 608 semper

176 612 281 689 Tunc,
297 632 365 671 cum
378 611 491 672 liceret
507 630 676 691 occupare,
696 610 872 693 Nanneius,

174 697 227 754 Bis
240 697 389 756 excitatus
405 702 517 775 terque
532 693 691 755 transtulit
705 702 822 773 castra,

173 780 216 838 Et
229 782 312 838 inter
327 781 409 859 ipsas
422 798 521 859 paene
537 781 651 839 tertius
664 777 758 839 sellas

153 863 252 923 §Post
267 863 437 940 Gaiumque
450 863 640 942 Luciumque
655 862 806 925 consedit.

173 945 262 1007 Illinc
277 944 397 1005 cucullo
413 948 564 1027 prospicit
577 951 668 1026 caput
680 951 783 1007 tectus

175 1028 336 1109 Oculoque
349 1028 440 1090 ludos
455 1037 576 1110 spectat
589 1030 738 1090 indecens
752 1051 824 1092 uno.

174 1114 216 1174 Et
231 1115 303 1172 hinc
317 1116 412 1174 miser
427 1113 567 1174 deiectus
582 1116 615 1173 iu
629 1115 708 1174 viam
721 1117 850 1194 transit,

176 1196 394 1276 Subsellioque
409 1197 582 1258 semifultus
598 1205 736 1258 extremo

134 1283 215 1343 uouit
229 1281 309 1342 male
324 1288 469 1362 receptus
485 1280 584 1342 altero
601 1300 680 1360 genu
695 1284 807 1361 iactat,

175 1367 281 1445 Equiti
296 1365 408 1426 sedere
422 1366 576 1444 Leitoque
592 1384 625 1426 ae
643 1372 736 1428 stare.

579 1532 646 1596 XV.

178 1634 309 1737 Quintus
324 1666 500 1719 nostrorum
514 1656 598 1718 liber
613 1665 677 1736 eat,
697 1660 851 1738 Auguste,
872 1663 1035 1743 iocorum,

218 1745 260 1803 Et
275 1745 416 1822 queritur
429 1741 532 1802 laesus
548 1743 683 1802 carmine
695 1761 786 1803 nemo
801 1764 887 1822 meo,

176 1826 298 1887 Gaudet
312 1829 463 1886 honorato
482 1825 538 1886 aed
553 1825 665 1886 multus
679 1828 803 1888 nomine
818 1827 940 1910 lector,

218 1912 275 1970 (lui
289 1913 407 1970 uictura
422 1930 490 1970 meo
505 1931 633 1971 munere
648 1912 727 1971 fama
742 1910 841 1972 datur.

155 1994 280 2072 5„Quid
292 2003 394 2055 tamen
406 1996 482 2055 haec
493 2001 625 2075 prosunt
637 1997 771 2073 quamvis
783 2001 967 2060 venerantia
981 1999 1129 2064 multosl“

218 2079 286 2138 Nou
300 2081 421 2159 prosint
437 2099 527 2157 sane,
549 2099 598 2139 me
614 2086 715 2138 tamen
731 2081 790 2139 ista
803 2082 918 2144 iuvant.

567 2243 648 2308 XVI.

176 2369 264 2428 Seria
281 2389 348 2429 cum
362 2372 494 2449 possim,
518 2371 598 2449 quod
616 2370 804 2433 delectantia
818 2373 898 2434 malo

166 2463 170 2472 ’
218 2453 382 2531 Scribere,
402 2462 436 2513 tu
451 2474 540 2513 causa
555 2473 606 2533 es,
628 2455 729 2517 lector
744 2459 857 2534 amice,
878 2459 975 2539 mihi,

176 2536 234 2612 Qui
249 2533 329 2615 legis
344 2544 377 2596 et
390 2543 456 2596 tota
470 2544 574 2597 cantas
590 2558 656 2599 mea
672 2543 805 2600 carmina
819 2543 930 2601 Roma:

218 2618 281 2679 Sed
294 2623 411 2698 nescis,
434 2622 539 2700 quanti
554 2627 617 2682 stet
631 2625 705 2682 mihi
721 2624 792 2685 talis
806 2646 900 2688 amor.

153 2705 251 2765 5Nam
266 2707 292 2765 si
307 2705 441 2767 falciferi
456 2706 628 2767 defendere
646 2708 763 2788 templa
777 2710 929 2770 Tonantis

216 2789 425 2869 Sollicitisque
438 2791 531 2853 velim
545 2791 682 2853 vendere
696 2795 791 2853 verba
808 2796 890 2872 reia,

171 2872 327 2936 Plurimus
339 2877 491 2956 Hispanas
506 2879 610 2937 mittet
624 2879 699 2937 mihi
712 2883 804 2936 nauta
818 2884 968 2941 metretas

216 2959 258 3019 Et
272 2960 328 3019 fiet
340 2962 424 3019 vario
437 2959 581 3020 sordidus
597 2982 670 3021 aere
688 2962 781 3021 sinus.

172 3042 215 3101 At
229 3062 309 3101 nuuc
328 3045 453 3102 conviva
468 3050 516 3103 cst
531 3047 773 3124 comissatorque
788 3044 932 3125 libellus,

130 3135 165 3186 10
213 3126 255 3185 Et
268 3131 386 3185 tantum
401 3128 495 3204 gratis
510 3130 620 3206 pagiua
632 3137 738 3189 nostra
752 3128 865 3209 placet.

173 3207 236 3268 Sed
249 3228 311 3268 non
327 3216 360 3269 et
375 3217 498 3271 veteres
514 3215 653 3273 contenti
670 3212 762 3273 laude
777 3215 921 3292 fuerunt,

215 3292 292 3353 Gum
305 3294 460 3355 minimum
477 3298 538 3356 vati
552 3317 660 3358 munus
675 3296 780 3358 Alexis
795 3304 871 3361 erat.

171 3376 303 3454 „Belle“
318 3378 420 3456 inquis
435 3380 550 3457 „dixtiz
572 3383 670 3459 iuvat,
695 3388 726 3441 et
740 3380 933 3442 laudabimus
947 3383 1083 3464 usque.“

213 3460 420 3522 Dissimulari
441 3465 537 3525 facies
552 3485 617 3546 me,
640 3473 731 3546 puto,
754 3464 951 3529 causidicum.
