2370 3924
327 240 667 303 EPIGRAMMATON
680 242 753 304 LlB.
770 243 821 306 XI.
1035 243 1098 310 275

502 393 650 455 LXXVII.

140 508 177 569 ln
194 505 334 565 omnibus
348 503 486 565 Vacerra
501 502 584 583 qaod
599 500 794 565 conclavibus

141 589 303 651 Consumit
315 588 408 647 horas
423 593 456 648 et
470 583 521 647 die
536 593 602 646 toto
617 586 723 664 sedet,

139 673 306 734 Cenaturit
319 671 472 748 Vacerra,
494 689 556 730 non
572 672 728 732 cacaturit.

496 802 657 865 LXXVIII.

141 922 241 982 Utere
253 921 397 980 femineis
415 916 641 1000 complexibus,
663 921 917 1002 utere,‚Victor,

183 1005 383 1083 Ignotumque
398 1004 459 1065 sibl
472 1001 611 1063 mentula
626 1000 724 1064 discat
741 1024 826 1084 opus.

138 1087 299 1150 Flammea
314 1092 460 1148 texuntur
474 1104 621 1167 sponsae,
642 1087 701 1146 iam
715 1089 802 1166 virgo
817 1093 959 1168 paratur,

183 1170 341 1232 Tondebit
354 1185 468 1252 pueros
482 1172 543 1231 iam
557 1189 634 1230 nova
646 1175 741 1249 nupta
756 1176 834 1232 tuos.

115 1255 311 1316 5Paedicare
329 1253 428 1314 semel
443 1252 554 1333 cupido
570 1250 655 1312 dabit
668 1251 723 1314 illa
737 1257 864 1334 marito,

181 1340 259 1399 Dum
273 1340 384 1399 metuit
398 1337 454 1398 teli
470 1335 597 1396 volnera
610 1337 710 1417 prima
725 1338 805 1398 novi.
896 1386 898 1391 .

139 1423 270 1503 Saepius
284 1423 344 1482 hoo
359 1422 428 1481 fleri
442 1421 547 1480 nutrix
561 1426 721 1499 materque
735 1422 883 1481 vetabunt

180 1508 222 1566 Et
238 1505 358 1566 dicent:
380 1506 503 1583 „Uxor,
525 1523 588 1564 nou
600 1523 695 1584 puer,
716 1506 775 1564 ista
789 1505 847 1563 tibi
862 1507 942 1566 est.“

138 1591 211 1650 Heu
225 1594 355 1669 quantos
372 1594 489 1665 aestus,
513 1592 642 1667 quantos
659 1588 780 1668 patiere
793 1586 935 1666 labores,

98 1684 137 1736 10
187 1672 221 1733 Si
235 1673 334 1733 fuerit
348 1691 463 1732 cunnus
477 1689 529 1730 res
542 1672 709 1751 peregrina
723 1671 793 1732 tibi!

135 1758 221 1834 Ergo
236 1755 414 1816 Suburanae
428 1757 562 1815 tironem
575 1753 665 1814 trade
679 1757 852 1833 magistrae.

180 1838 237 1901 llla
250 1841 348 1899 virum
363 1840 474 1914 faciet;
495 1857 558 1898 non
573 1838 653 1898 bene
669 1839 754 1916 virgo
771 1837 872 1902 docet.

510 1971 644 2032 LXXIX.

135 2069 187 2132 Ad
201 2071 331 2151 primum
348 2067 466 2130 decima
478 2067 612 2150 lapidem
628 2066 711 2147 quod
725 2070 862 2129 venimus
876 2070 968 2148 hora,

179 2155 346 2234 Arguimur
357 2150 461 2213 lentae
478 2153 606 2212 crimine
621 2152 775 2233 pigritiae.

135 2237 206 2298 Non
222 2242 271 2298 est
283 2239 343 2298 ista
358 2235 499 2315 quidem,
521 2254 583 2294 non
599 2240 647 2295 est
661 2253 744 2312 mea,
766 2233 823 2296 aad
837 2241 889 2294 tua
904 2235 993 2317 culpa
1009 2244 1072 2317 est,

178 2322 294 2382 Misisti
308 2319 405 2381 mulas
420 2321 473 2399 qui
488 2318 581 2396 mihi,
602 2318 715 2395 Paete,
737 2323 812 2378 tuas.

508 2451 630 2514 LXXX.

135 2565 225 2627 Litus
239 2567 349 2627 beatae
364 2561 499 2626 Veneris
516 2582 640 2624 aureum
654 2563 760 2640 Baias,

135 2651 225 2709 Baias
240 2649 391 2730 superbae
406 2644 518 2707 blanda
532 2646 612 2707 dona
626 2652 770 2723 naturae,

135 2734 180 2794 Ut
194 2730 281 2793 mille
295 2729 436 2807 laudem,
458 2728 589 2806 Flacco,
612 2731 752 2789 versibus
767 2728 871 2807 baias,

134 2815 281 2877 Laudabo
299 2813 391 2892 digne
405 2832 467 2873 uon
483 2815 555 2873 satia
572 2819 674 2871 tamen
690 2813 788 2872 Baias.

113 2899 202 2962 bSed
216 2896 393 2960 Martialem
406 2895 505 2971 malo,
527 2895 657 2973 Flacco,
680 2914 769 2973 quam
782 2895 879 2955 Baias.

135 2984 254 3064 Optare
269 2988 433 3060 utrumque
448 2982 583 3060 pariter,
604 2980 738 3059 improbi
752 2983 855 3039 votum
870 2983 926 3037 est.

139 3065 229 3144 Quod
243 3069 270 3126 si
285 3065 413 3125 deorum
427 3082 555 3125 munere
569 3064 628 3123 hoc
641 3065 700 3123 tibi
716 3059 823 3140 detur,

136 3149 218 3228 Quid
233 3149 412 3228 gaudiorum
427 3155 476 3208 est
489 3145 644 3209 Martialis
660 3152 692 3206 et
705 3146 811 3206 Baiae!

511 3281 645 3343 LXXXI.

137 3389 216 3450 (lum
231 3406 306 3448 sene
320 3381 510 3448 communem
524 3391 613 3447 vexat
625 3383 720 3464 spado
735 3384 903 3466 Dindymus
918 3381 1036 3462 Aeglen

179 3471 221 3534 lit
235 3473 317 3532 iacet
331 3473 364 3531 in
380 3470 483 3532 medio
498 3472 579 3531 sicca
591 3466 698 3549 puella
711 3474 789 3529 toro.

831 3549 896 3614 ie*
