2370 3924
304 217 643 283 EPIGRAMMATON
656 221 786 289 Lfflun.
887 230 890 235 '
1040 227 1064 294 5

472 371 561 451 ιιι,
582 375 613 436 ι.

105 491 245 554 Venerat
258 489 407 570 Europen
420 489 558 550 fraterne
571 509 630 571 per
644 509 778 573 aequore
792 501 914 559 taurus:

149 575 192 635 At
206 592 288 634 nunc
302 572 434 634 Alciden
448 579 554 634 tuurus
568 575 600 636 in
616 582 698 637 ostro
712 575 793 641 tulit.

106 658 249 721 (laeseris
264 662 357 737 utque
371 657 450 719 Iovis
465 657 573 718 confer
586 678 683 739 nunc,
700 661 795 741 inme,
816 664 976 726 iuvencos:

148 742 210 801 Por
225 760 301 801 onus
315 746 349 801 ut
363 739 511 820 tulerint,
532 739 622 803 ultius
636 744 696 804 iste
711 744 794 807 tulit.

496 874 589 938 XVII.

105 985 196 1065 Quod
210 987 279 1067 pius
294 992 327 1046 et
342 984 471 1067 supplex
486 985 614 1068 elephas
624 994 677 1068 te,
699 990 829 1070 (leesor,
849 991 956 1054 adorat

147 1071 209 1132 Hic
224 1066 315 1130 modo
331 1071 383 1150 qui
400 1077 488 1132 tuuro
505 1080 567 1132 tom
582 1071 766 1136 metuendus
781 1082 866 1154 erut,
935 1068 938 1073 ¹

103 1155 172 1230 Non
187 1155 263 1214 feeit
276 1154 336 1214 hoc
349 1155 452 1236 Ιἰιιιιιιι
466 1152 615 1236 nulloque
631 1155 764 1220 docente
779 1161 940 1239 magistro:

146 1236 250 1300 Crede
264 1238 356 1317 mihi,
376 1244 515 1300 nostrum
530 1241 625 1301 sentit
639 1247 672 1302 et
685 1239 741 1303 ille
757 1241 856 1306 deum.

485 1373 590 1437 XVIII.

102 1486 256 1548 Lambere
274 1488 376 1548 securi
392 1485 531 1549 dextrum
546 1495 693 1550 consueto
706 1491 844 1570 magistri

147 1571 253 1651 Tigris
265 1573 302 1632 ub
317 1572 462 1651 Hyrcano
477 1570 575 1650 glorio
589 1592 659 1632 roro
673 1575 761 1651 iugo,

103 1655 201 1717 Saevo
215 1654 317 1715 ferum
328 1654 437 1716 rubido
453 1654 602 1716 laceravit
617 1654 711 1716 dente
724 1655 849 1717 leonem
856 1677 872 1716 :-

145 1738 208 1799 Res
223 1758 317 1818 novo,
338 1758 402 1799 uon
415 1738 487 1800 ullis
502 1740 624 1818 cognite
637 1740 837 1821 temporibus.

78 1825 186 1886 5Auss
202 1828 251 1884 est
264 1821 328 1883 tole
341 1821 435 1902 nihil,
457 1822 541 1885 sllvis
560 1821 631 1887 dum
644 1824 720 1885 vixit
732 1825 765 1884 in
780 1823 866 1886 eltis:

144 1907 312 1988 Postquam
325 1908 410 1968 inter
423 1926 480 1968 nos
495 1914 560 1986 est,
579 1905 651 1989 plus
664 1909 801 1970 feritatis
815 1909 918 1970 hebet.

496 2041 573 2105 XIX.

101 2153 162 2230 Qui
176 2148 267 2212 modo
282 2169 340 2233 per
354 2159 450 2214 totam
462 2155 592 2215 flammis
607 2151 779 2215 stimulatus
792 2155 938 2218 herenam

144 2233 322 2297 Sustulerst
335 2243 439 2318 ruptos
452 2244 558 2299 taurus
575 2239 607 2297 iu
623 2244 704 2298 estre
717 2236 806 2319 pilus,

101 2320 254 2382 Occubuit
266 2318 392 2381 tandem
404 2340 499 2382 cornu
512 2323 635 2403 potiore
649 2322 780 2403 petitus,

142 2404 222 2466 Dum
235 2401 360 2465 facilem
377 2401 448 2466 tolli
463 2407 507 2466 sic
522 2403 687 2487 elephante
700 2410 798 2487 putet.

500 2539 567 2602 XX.

100 2651 178 2712 (lum
191 2656 317 2733 peteret
329 2671 401 2732 pars
415 2652 491 2712 hoec
502 2651 670 2731 Myrinum,
685 2669 756 2731 pers
772 2648 826 2711 ills
841 2650 1053 2731 Triumphum,

141 2734 290 2797 Promisit
304 2737 423 2817 pariter
437 2736 551 2796 Caesar
565 2742 695 2813 utruque
710 2753 808 2797 menn.

100 2818 168 2879 Non
183 2819 286 2901 potuit
299 2817 409 2880 melius
421 2817 510 2879 lItcm
523 2818 616 2878 finire
630 2819 773 2877 iocosum.

143 2902 169 2962 0
186 2901 276 2964 dulce
289 2903 396 2963 iuvicti
410 2902 559 2983 principis
573 2892 744 2980 Ingenium!

493 3034 573 3096 XXI.

99 3146 259 3228 Ququuid
271 3149 304 3208 in
319 3147 445 3228 Orpheo
460 3145 611 3227 Rhodope
626 3151 782 3227 sspectsse
797 3145 920 3207 theatro

140 3232 278 3311 Dicitur,
299 3232 454 3314 exhibuit,
477 3231 606 3309 caesar,
627 3229 742 3289 herene
756 3230 836 3293 tibi.-

97 3314 278 3396 Iiepserunt
293 3315 411 3396 scopuli
427 3313 625 3394 mirandoque
639 3311 715 3373 silve
729 3314 881 3391 cucurrit,

143 3397 241 3476 Quule
254 3399 351 3460 fuisse
368 3417 476 3461 nemus
491 3397 629 3460 creditur
642 3395 860 3478 Hesperidum.

75 3483 202 3544 enituit
216 3484 383 3544 immixtum
397 3483 504 3565 pecori
519 3500 615 3562 genus
631 3499 720 3542 omne
736 3480 872 3541 ferorum
