2370 3924
875 62 902 113 ζ

350 232 690 295 EPIGRAMMA'ION
704 235 777 297 Lln.
794 236 818 297 I.
1062 235 1107 302 il)

122 377 215 440 5Non
230 384 359 457 possunt
373 378 440 438 sine
453 377 589 438 mentula
605 378 740 458 placere.

144 459 228 538 Quid
241 461 268 521 si
281 480 331 520 me
345 462 451 523 iubeas
465 462 662 522 talassionem

142 545 260 610 Verbis
272 543 379 605 dicere
393 564 456 604 non
470 544 668 606 talassionis?

144 629 221 705 Quis
235 626 374 688 Floralia
388 631 483 690 restit
496 636 529 690 et
543 629 688 690 stolatum

142 713 303 773 Permittit
316 714 533 773 meretricibus
547 712 723 794 pudorem?

99 796 298 862 10Lexhaec
314 798 498 857 carminibus
513 795 583 857 data
597 803 646 857 est
662 799 789 878 iocosis,

143 880 190 941 Ne
206 881 342 960 possint,
364 881 425 940 nisi
438 881 598 961 pruriant,
619 882 733 943 iuvare.

144 966 248 1041 Quare
263 962 405 1044 deposIta
423 964 590 1025 severitate

142 1049 257 1109 Parcas
270 1046 388 1108 lusibus
404 1055 436 1108 et
449 1049 526 1108 iocis
541 1067 700 1126 rogamus,

141 1133 208 1193 Nec
224 1138 360 1192 castrare
376 1130 453 1191 velis
468 1150 553 1192 meos
567 1130 701 1193 libellos.

100 1228 134 1282 15
142 1214 367 1297 Gallotnrpiu
382 1221 430 1276 est
443 1214 523 1275 nihiI
537 1217 660 1297 Priapo.

513 1365 651 1428 XXXVI.

143 1494 195 1570 Si,
218 1491 359 1570 Lucane,
380 1492 437 1552 tibi
451 1490 502 1551 vel
516 1493 542 1552 si
557 1495 631 1573 tibi,
654 1494 767 1574 Tulle,
790 1494 944 1557 darentur

186 1574 294 1652 Qualia
309 1573 427 1635 Ledaei
440 1576 504 1636 iata
518 1576 656 1638 Lacones
671 1580 804 1657 hahent,

142 1658 263 1721 Nobilis
277 1660 355 1720 haec
369 1665 454 1720 esset
467 1661 594 1740 pietatis
607 1663 674 1722 rixa
688 1661 824 1741 dnobus,

185 1741 280 1820 Quoi
289 1763 346 1824 pro
363 1743 462 1804 fratre
477 1744 556 1803 mori
570 1743 667 1806 vellet
679 1752 812 1827 uterque
827 1747 931 1827 prior,

122 1828 275 1891 illiceret
288 1827 426 1888 infernas
441 1834 474 1888 et
488 1829 539 1907 qui
553 1830 641 1909 prior
657 1832 735 1892 isset
750 1830 788 1892 sd
801 1833 946 1892 umbras:

186 1912 285 1991 „Vive
299 1918 370 1990 tuo,
392 1911 505 1991 frater,
525 1918 682 1994 tempore,
704 1917 772 1975 vive
786 1916 888 1979 meo.“

509 2059 660 2124 XXXVII.

149 2157 279 2239 Ventris
295 2190 371 2231 onus
385 2172 515 2252 misero,
536 2191 595 2234 nec
609 2180 641 2234 te
656 2174 770 2255 pudet,
792 2175 907 2256 excipis
923 2193 1019 2252 auro,

187 2258 296 2334 Basse,
317 2255 397 2317 bibis
412 2257 508 2316 vitro:
531 2257 631 2318 carius
646 2276 720 2339 ergo
736 2279 831 2320 cacas.

503 2403 668 2468 XXXVIII.

144 2531 244 2606 Quem
258 2530 371 2591 recitas
383 2547 470 2589 meus
485 2535 550 2609 est,
568 2551 585 2590 o
599 2529 783 2610 Fidentine,
804 2530 946 2592 libellus:

188 2612 251 2675 Sed
266 2611 346 2674 male
361 2632 428 2674 cnm
445 2614 576 2692 recitas,
596 2616 707 2696 incipit
721 2634 790 2677 esse
805 2623 883 2677 tuus.

423 2772 424 2777 ’
511 2762 649 2822 XXXIX.

143 2877 178 2936 Si
193 2863 338 2955 quis‘erit
351 2897 439 2938 raros
455 2877 540 2936 inter
554 2874 760 2936 numerandus
776 2875 903 2953 amicos,

185 2958 300 3036 Quales
315 2961 417 3042 prisca
433 2959 511 3020 iides
525 2959 665 3039 famaque
682 2961 768 3021 novit
782 2979 871 3039 anus,

140 3044 176 3105 Si
191 3045 259 3124 quis
272 3043 441 3127 Cecropiae
456 3042 594 3105 madidus
607 3045 775 3125 Latiaeque
786 3045 946 3106 Minervae

184 3130 312 3190 Artibus
327 3136 360 3190 et
373 3148 446 3190 vera
459 3126 657 3210 simplicitate
673 3130 787 3207 bonus,

123 3212 183 3276 osi
199 3214 267 3292 quis
283 3215 346 3274 erit
359 3215 440 3274 recti
454 3219 573 3290 custos,
594 3213 722 3272 mirator
738 3213 863 3273 honesti

143 3360 148 3368 ,
184 3298 227 3358 Et
242 3296 321 3358 nihil
335 3317 445 3358 arcano
460 3298 512 3376 qui
526 3302 617 3375 roget
634 3315 689 3357 ore
704 3294 797 3374 deos,

142 3381 178 3442 Si
194 3382 262 3461 quis
278 3383 340 3443 erit
352 3400 479 3461 magnae
495 3382 640 3449 subnixus
655 3383 769 3441 robore
783 3380 913 3442 mentis:

185 3465 381 3547 Dispeream,
406 3468 432 3528 si
446 3485 509 3527 non
522 3466 573 3526 hic
588 3466 741 3529 Decianus
755 3466 830 3529 erit.
860 3547 908 3590 Μ

865 3588 888 3612 .-
