2346 3938
94 234 158 300 242
417 233 463 294 M.
479 231 570 294 VAL.
586 230 813 293 Mutamus

224 383 340 444 Tristia
355 401 514 443 servorum
528 384 670 463 stigmata
684 382 771 445 delet
784 385 884 460 Eroa3

179 466 434 531 Enterocelarum
449 468 552 528 fertur
564 466 738 529 Podalirius
752 468 904 529 Hermes:

225 554 284 630 Qui
298 557 387 612 sanet
402 555 510 632 ruptor
526 549 576 611 dic
588 553 682 631 mihi,
702 551 810 631 Galle,
831 553 901 631 quis
915 552 985 614 esti

569 686 659 749 nvn.

101 763 104 770 ’
179 786 311 862 Argenti
326 782 437 845 liuram
452 787 615 861 mitreum
636 784 929 865 transennam,

222 866 285 928 Sed
299 870 426 950 piperis.
456 870 550 930 Tanti
565 888 627 929 non
643 887 728 949 emo,
746 869 857 948 Sexte,
879 871 981 951 piper.

180 1098 312 1158 Anxuris
328 1099 476 1177 aequorei
489 1001 834 1178 placildldslllll'rontine,
854 1119 1001 1162 recessus

67 1234 70 1253 ι
84 1248 87 1259 ¹
126 1170 130 1237 l
219 1182 261 1242 Et
274 1183 401 1262 propius
416 1182 504 1242 Baias
518 1180 722 1260 litoreamque
736 1181 876 1263 domum,

64 1264 92 1341 lt
125 1262 129 1343 ξ
177 1265 219 1324 nt
235 1264 317 1343 qnod
326 1267 513 1353 &inmunde
529 1285 640 1326 cancro
654 1267 795 1327 fervente
806 1266 952 1351 Q

120 1348 128 1435 l
220 1348 288 1408 Non
303 1368 418 1410 novere
432 1368 556 1428 nemus,
578 1351 801 1429 flumineosque
814 1349 900 1412 lacus

156 1433 257 1493 aDum
274 1431 372 1512 colui,
395 1433 501 1494 doctas
515 1440 616 1495 tecum
631 1431 792 1494 celebrare
806 1437 935 1496 vacabat

219 1515 377 1596 Pieridas,
398 1537 479 1577 nunc
493 1537 550 1577 nos
565 1518 693 1578 maxima
706 1518 803 1579 Roma
815 1520 903 1580 terit.

179 1599 239 1660 Hic
253 1601 329 1661 mihi
344 1601 464 1681 qnando
480 1600 547 1662 dies
560 1620 646 1662 meus
661 1601 732 1662 est?
752 1603 902 1664 iactamur
916 1604 953 1664 in
968 1602 1034 1665 ulto

221 1684 315 1745 Urbis
330 1687 409 1745 etin
427 1684 527 1746 sterili
543 1686 604 1745 vita
617 1684 725 1747 labore
739 1687 840 1767 perit,

177 1769 260 1828 Dura
276 1770 442 1830 suburbani
457 1769 527 1829 dnm
542 1770 649 1847 iugera
661 1771 812 1849 pascimus
828 1770 894 1850 agri

136 1863 169 1914 10
219 1852 407 1932 Vicinosque
422 1855 496 1932 tibi,
518 1859 623 1913 sancte
638 1854 783 1930 Quirine,
801 1851 895 1914 lares.

178 1934 241 1994 Sed
256 1955 318 1996 non
333 1936 415 1996 solus
431 1943 510 1996 amnt
526 1939 577 2016 qui
591 1944 682 1997 nocte
698 1936 810 2017 dieque
825 1936 1010 2017 frequentat

218 2018 353 2098 Limina,
374 2040 433 2080 nec
444 2027 544 2081 vatem
558 2019 632 2080 talia
646 2021 754 2082 damna
769 2021 892 2103 decent.

176 2103 239 2163 Per
253 2103 428 2165 veneranda
442 2106 517 2165 mihi
532 2106 688 2165 Musarum
702 2125 804 2187 sacra,
824 2125 884 2188 per
899 2125 1012 2167 omnes

218 2189 288 2248 luro
303 2189 395 2268 dens,
418 2196 451 2249 et
465 2209 525 2249 non
542 2190 697 2249 officiosus
712 2210 785 2250 amo.

574 2323 650 2382 LIX.

178 2421 364 2499 Consumpta
379 2427 426 2480 est
441 2441 501 2480 uno
518 2423 544 2480 si
558 2419 701 2480 lemmate
715 2420 839 2501 pagina,
861 2423 981 2482 transis

217 2504 259 2563 Et
273 2503 414 2562 breviora
428 2504 502 2582 tibi,
521 2524 581 2563 non
597 2502 726 2564 meliora
739 2502 872 2585 placent.

176 2587 267 2646 Dives
284 2592 316 2646 et
332 2605 369 2645 ex
385 2588 467 2646 omni
481 2589 581 2666 posita
596 2595 644 2647 est
657 2589 807 2647 instructa
822 2585 956 2649 macello

220 2672 305 2731 Cena
320 2671 393 2749 tibi,
415 2669 471 2731 aed
487 2678 519 2730 te
534 2676 647 2730 mattea
665 2671 729 2732 sola
742 2673 832 2731 iuvat.

153 2754 244 2815 5Non
260 2774 335 2834 opus
352 2762 400 2815 est
414 2756 502 2815 nobis
517 2756 642 2814 nimium
656 2754 777 2816 lectore
791 2754 916 2834 gulos03

217 2841 308 2900 Hunc
323 2839 410 2917 volo,
432 2860 493 2900 non
511 2840 565 2899 fiat
582 2841 634 2918 qui
650 2840 717 2899 sine
731 2858 810 2921 pane
826 2845 921 2900 satur.

578 2974 640 3033 LX.

173 3070 242 3129 lura
261 3071 352 3130 trium
367 3070 459 3149 petiit
473 3090 489 3128 a
504 3071 637 3130 Caesare
653 3068 872 3150 discipulorum

219 3154 367 3213 Assuetus
382 3172 504 3234 semper
518 3154 635 3214 Munna
651 3152 764 3214 docere
779 3152 864 3214 duos.

566 3288 644 3350 LXI.

173 3384 232 3442 Hic
250 3383 395 3442 festinata
408 3385 576 3462 requiescit
590 3385 720 3444 Erotion
736 3385 858 3462 umbra,

215 3466 351 3527 Crimine
368 3487 457 3546 qnam
470 3469 526 3527 fati
541 3474 627 3529 sexta
640 3469 775 3555 peremit
788 3469 897 3531 hiems
