2370 3924
90 248 157 315 204
412 247 458 310 M.
474 247 566 310 VAL.
582 246 808 307 MARTIALIS

120 447 124 453 -
152 403 245 466 bNon
260 399 357 462 solam
371 401 482 460 tribuit
494 397 596 459 Pallas
609 399 684 475 tibi,
706 398 803 473 Care,
826 417 991 475 coronam;

216 479 362 564 Effigiem
378 483 511 560 domini,
532 501 622 560 quam
637 479 729 559 colis,
751 478 808 540 illa
826 480 924 546 dedit.

562 614 659 676 XXV.

172 733 305 793 Dantem
321 731 390 789 vina
403 735 487 789 tuum
504 729 646 809 quotiens
661 729 832 808 aspeximus
848 726 999 810 Hyllum,

215 815 429 891 Luminenos,
451 812 545 890 Afer,
567 810 740 872 turbidiore
754 817 853 873 notas.

175 896 274 977 Quod,
282 915 368 975 rogo,
382 894 640 974 quodscelusest,
653 892 778 954 mollem
786 901 932 975 spectare
939 899 1089 961 ministro}

216 981 389 1061 Aspicimus
404 977 517 1058 solem,
539 977 659 1056 sidera,
681 977 812 1059 templa,
834 977 921 1042 deos.

152 1065 321 1130 advertam
335 1061 452 1138 voltus,
473 1069 618 1141 tanquam
631 1062 707 1121 mibi
719 1061 831 1142 pocula
846 1063 977 1142 Gorgon

215 1148 362 1225 Porrigat
375 1151 467 1224 atque
483 1145 590 1206 oculos
606 1163 722 1224 oraque
736 1150 843 1206 nostra
856 1148 968 1227 petat?

174 1232 260 1293 Trux
274 1237 342 1291 erat
355 1227 498 1308 Alcides,
519 1235 553 1290 et
567 1227 671 1309 Hylan
686 1236 828 1309 spectaro
842 1228 979 1306 licebat3

214 1314 339 1376 Ludere
354 1314 514 1375 Mercurio
530 1333 598 1374 cum
614 1312 793 1392 Ganymede
811 1311 898 1374 licet.

173 1399 207 1459 si
221 1419 283 1459 non
296 1400 342 1459 vis
356 1404 484 1459 teneros
498 1403 621 1477 spectet
635 1398 760 1456 conviva
774 1398 952 1478 ministros,

130 1494 164 1546 lo
211 1483 346 1544 Phineas
359 1481 487 1560 invites,
510 1481 603 1558 Afer,
625 1487 659 1540 et
673 1479 858 1561 Oedipodas.

553 1613 662 1676 XXVI.

170 1727 275 1788 Audet
290 1726 423 1789 facundo
438 1729 491 1806 qui
506 1729 640 1788 carmina
655 1728 782 1787 mittere
796 1726 935 1807 Nervae,

211 1809 333 1870 Pallida
348 1811 475 1871 donabit
488 1808 645 1890 glaucina,
667 1811 797 1889 (loame,
819 1813 894 1887 tibi;

170 1895 321 1954 Paestano
337 1893 431 1954 violas
447 1900 479 1954 et
495 1915 569 1954 cana
581 1893 712 1972 ligustra
728 1893 856 1971 colono,

211 1975 362 2056 Hyblaeis
378 1979 485 2057 apibus
501 1979 629 2039 Corsica
644 1976 739 2038 mella
754 1977 849 2039 dabit.
866 2014 908 2023 -

149 2060 237 2123 5Sed
252 2068 354 2121 tamen
369 2067 402 2120 et
415 2081 527 2141 parvae
542 2060 691 2121 nonnulla
704 2068 753 2122 est
768 2064 866 2141 gratia
880 2063 1015 2140 Murae3

214 2146 381 2226 Appetitur
394 2147 496 2225 posito
510 2144 581 2206 vilis
597 2145 677 2205 oliva
691 2145 783 2226 lupo;

169 2228 234 2288 Nec
250 2230 307 2289 tibi
322 2230 363 2289 sit
376 2229 504 2308 mirum,
525 2230 639 2290 modici
655 2229 739 2307 quod
755 2231 876 2289 conscia
890 2232 968 2291 vatis

211 2312 360 2373 Iudicium
374 2316 485 2373 metuit
499 2320 606 2373 nostra
621 2311 734 2373 Thalia
747 2319 850 2389 tuum,

168 2394 238 2474 lpse
253 2403 321 2454 tuas
336 2397 428 2454 etiam
443 2398 560 2456 veritus
575 2396 658 2455 Nero
674 2394 788 2455 dicitur
802 2416 907 2475 aures,

126 2487 161 2539 lo
202 2478 361 2537 Lascivum
375 2479 493 2537 iuvenis
509 2498 575 2537 cum
590 2480 648 2538 tibi
662 2477 739 2539 lusit
754 2499 839 2559 opus.

542 2611 666 2673 XXVII.

168 2723 245 2783 Cum
262 2722 432 2804 depilator,
455 2726 606 2805 Chresto,
629 2725 735 2786 coleos
750 2734 858 2808 portes

167 2807 209 2866 Et
220 2806 377 2870 vulturino
391 2809 557 2871 mentulam
573 2829 680 2891 parem
696 2809 777 2871 collo

166 2890 209 2950 Et
221 2895 398 2972 prostitutis
414 2892 514 2954 levius
530 2903 622 2972 caput
637 2893 733 2971 culis,

167 2974 232 3033 Nec
246 2976 326 3036 vivat
341 2977 421 3037 ullus
435 2979 468 3036 in
482 2982 536 3035 tuo
550 2976 632 3058 pilus
648 2996 756 3055 crure,

145 3056 371 3137 5Purgentque
387 3077 494 3119 saevae
511 3080 586 3120 cana
601 3061 688 3121 labra
702 3060 869 3135 volsellae3

168 3140 296 3217 Curios,
318 3140 482 3219 Camillos,
506 3144 664 3221 Quintios,
687 3145 816 3221 Numas,
838 3146 961 3224 Ancon,

165 3223 209 3284 lit
224 3222 375 3304 quidquid
389 3244 522 3304 unquam
535 3226 667 3306 legimus
682 3226 852 3307 pilosorum

167 3306 321 3384 Loqueris
338 3326 489 3387 sonasque
505 3310 672 3389 grandibus
690 3314 792 3372 minax
805 3314 925 3389 verbis,

166 3389 210 3450 Iit
226 3409 294 3450 cum
309 3391 441 3452 theatris
456 3395 641 3474 saeculoque
655 3397 776 3457 rixaris.

122 3481 159 3534 10
168 3472 314 3536 Occurrit
328 3474 440 3557 aliquis
453 3479 538 3538 inter
548 3476 607 3538 ista
620 3481 646 3539 si
661 3478 808 3557 draucos,
