2370 3924
332 224 670 286 EPIGRAMMATON
683 226 756 288 LIB.
771 227 808 288 X.
1034 228 1096 295 247

90 379 201 445 leec
223 395 300 456 quae
315 349 443 457 paludes
459 375 592 436 delicata
606 377 785 457 Pomptinas

136 465 184 525 Ειι
199 479 270 521 arce
287 460 357 521 clivi
372 466 562 540 spectatura
576 460 685 521 Setini.

136 544 219 624 Quid
233 547 445 626 concupiscam
460 546 583 622 quaeris
598 544 696 622 ergo?
718 543 874 610 dormire:

514 654 637 717 mxxv.

132 755 224 818 Milia
239 756 347 833 vigInti
362 753 513 832 quondam
528 772 577 813 me
592 751 682 813 Galla
696 756 839 834 poposcit

177 840 236 918 Et,
255 839 373 916 fateor,
393 857 500 916 magno
515 857 577 896 non
591 845 660 897 erat
672 836 728 897 illa
741 839 841 900 nimis.

133 925 243 983 Annus
259 923 336 983 abit:
360 921 434 999 „Bis
449 922 540 1000 quina
556 919 642 980 dabis
656 923 803 982 sestertia
810 922 842 1000 ‚“
858 921 944 987 dixit.

178 1007 314 1067 Poscere
328 1005 399 1085 plus
412 1006 476 1065 visa
490 1012 540 1065 est
555 1024 643 1083 quam
658 1006 745 1084 prius
759 1004 813 1066 illa
828 1007 912 1066 mibi.

105 1091 196 1152 blam
211 1089 271 1150 duo
289 1090 430 1169 poscenti
445 1094 516 1169 post
530 1094 649 1148 sextum
666 1087 749 1148 milia
763 1108 900 1151 mensem

176 1172 268 1235 Mille
283 1172 390 1233 dabam
406 1192 553 1233 nummos.
583 1170 692 1232 Noluit
706 1174 857 1253 accipere.

133 1258 340 1318 Transierant
354 1258 445 1316 binac
459 1257 564 1316 forsan
582 1256 721 1316 trinaeve
736 1255 909 1336 Kalendae,

176 1339 329 1401 Aureolos
344 1339 428 1400 ultro
445 1346 589 1419 quattuor
602 1341 670 1419 ipsa
683 1341 772 1419 petit.

129 1424 202 1486 Non
217 1423 366 1485 dedimus.
397 1424 529 1484 Centum
543 1424 633 1483 iussit
647 1442 696 1483 me
711 1425 836 1484 mittere
852 1444 1009 1500 nummosq

85 1518 128 1571 lo
182 1508 246 1568 Sed
260 1509 325 1568 visa
339 1514 388 1567 est
403 1507 492 1567 nobis
506 1509 584 1567 haec
600 1525 722 1586 quoque
737 1528 853 1568 summa
868 1511 977 1587 gravis.

130 1591 280 1673 Sportula
291 1611 349 1652 uos
362 1591 461 1651 iunxit
475 1589 695 1669 quadrantibus
711 1591 796 1652 arida
810 1600 951 1669 centum;

176 1675 263 1736 IIanc
278 1674 389 1736 solult:
409 1693 507 1755 puero
524 1672 654 1734 diximus
668 1693 737 1734 esse
753 1675 868 1739 datam.¹

127 1759 265 1820 Inferius
280 1757 429 1837 numquid
444 1759 546 1839 potuit
560 1757 777 1820 descendere?
798 1761 884 1826 fecit.

176 1843 235 1902 Dat
248 1843 360 1922 gratia,
380 1840 462 1902 ultro
481 1841 533 1901 dat
549 1842 624 1902 mibi
638 1840 743 1903 Galla:
764 1863 855 1925 nego.

507 1953 641 2016 LXXVI

128 2051 218 2130 Hoc,
239 2051 392 2131 Fortuna,
412 2053 470 2112 tibi
485 2051 608 2112 videtur
624 2055 778 2132 aequum?

128 2136 216 2197 Cirta
230 2155 292 2195 non
306 2135 452 2216 Syriaeve
467 2137 668 2214 Parthiaeve,

128 2219 199 2281 Nec
217 2218 256 2279 de
269 2219 461 2300 Cappadocis
478 2238 574 2298 eques
590 2222 730 2297 catastis,

129 2301 198 2363 Sed
212 2302 251 2363 de
265 2302 359 2383 plebe
374 2304 463 2363 Remi
480 2303 657 2380 Numaeque
672 2322 783 2381 verna,

100 2386 301 2466 blucundus‚
321 2390 450 2467 probus,
472 2387 621 2447 innocens
637 2389 767 2465 amicus,

128 2471 250 2550 Lingua
264 2470 373 2532 doctus
388 2477 534 2549 utraque,
557 2472 643 2532 cuius
658 2491 751 2532 uuum
766 2479 829 2551 est,

128 2552 198 2614 Sed
211 2573 349 2634 magnum
363 2556 485 2634 vitium,
508 2555 590 2634 quod
605 2562 654 2615 est
670 2563 779 2636 poeta,

127 2636 221 2698 Pullo
236 2639 374 2699 Maevius
393 2638 476 2718 alget
491 2641 522 2698 in
538 2638 669 2716 cucullo,

129 2723 235 2783 Cocco
251 2721 345 2783 mulio
360 2722 462 2802 fulget
476 2723 632 2782 Incitatus.

127 2917 270 2994 Nequius
285 2938 301 2976 a
317 2918 397 2978 Caro
413 2915 493 2977 nihil
507 2936 657 2996 unquam,
679 2915 828 2994 Maxime,
851 2916 965 2976 iactum
982 2923 1047 2994 est,

174 3002 270 3076 Quam
287 3001 369 3080 quod
383 3002 473 3062 febre
489 3001 591 3082 perit:
612 3001 690 3061 fecit
704 3005 737 3060 et
749 2998 805 3059 illa
819 3000 916 3060 nefas.

128 3085 229 3146 Saeva
241 3103 359 3146 nocens
373 3086 472 3145 febris
490 3085 600 3146 saltem
617 3090 765 3164 quartana
780 3083 906 3145 fuisset!

173 3167 297 3229 Servari
313 3169 432 3230 medico
449 3168 557 3229 debuit
573 3168 627 3228 ille
643 3187 707 3228 suo.

489 3282 651 3345 LXXVIII.

127 3381 193 3442 ibis
207 3379 354 3459 litoreas,
376 3383 499 3460 Macer,
518 3381 662 3460 Salonas,

124 3466 191 3527 ibit
205 3485 275 3525 rara
290 3464 369 3526 fides
385 3485 530 3547 amorque
545 3467 626 3526 recti
