2370 3924
124 245 167 308 94
443 245 487 306 M.
503 246 595 308 VAL.
613 246 838 308 MARTIALIS

131 392 136 405 '¹
208 402 295 461 Haec
309 402 393 478 iuga,
416 419 505 478 quam
519 398 620 477 Nysae
635 396 731 458 colles
746 397 815 478 plus
830 399 968 458 Bacchus
983 402 1117 483 amavit,

84 494 105 553 ·)
136 492 139 507 ²
250 486 319 544 Hoc
334 501 434 563 nuper
451 482 555 560 Satyri
568 487 673 541 monte
687 480 805 541 dedere
822 481 943 545 choros.

186 568 296 629 5Haec
310 567 445 629 Veneris
458 563 566 642 sedes,
588 563 820 625 Lacedaemone
834 566 952 643 gratior
966 563 1032 645 illi,

132 650 138 691 f
249 652 310 710 Hic
323 649 410 711 locus
425 647 581 708 Herculeo
596 649 720 708 numine
733 647 834 709 clarus
849 656 926 710 erat.

129 764 132 769 ’
208 734 326 795 Cuncta
339 735 443 793 iacent
455 733 585 791 flammis
600 738 632 790 et
648 733 732 791 tristi
745 750 848 792 mersa
859 730 978 792 favilla:

248 817 314 877 Nec
328 817 433 896 superi
451 813 568 875 vellent
582 817 641 875 hoc
654 813 781 875 licuisse
796 817 864 877 sibi.

599 947 693 1010 XLV.

207 1061 294 1121 Haec
310 1061 369 1121 tibi
382 1081 440 1142 pro
454 1066 526 1120 nato
543 1059 636 1140 plena
650 1059 704 1121 dat
716 1059 817 1121 laetus
832 1079 954 1140 acerra,

250 1144 391 1221 Phoebe,
413 1143 571 1205 Palatinus
588 1163 715 1205 munera
729 1144 931 1223 Parthenius,

207 1228 251 1289 Ut
265 1230 317 1307 qui
332 1229 431 1309 prima
444 1247 522 1289 novo
534 1229 636 1305 signat
653 1229 861 1307 quinquennia
874 1227 993 1306 lustro,

249 1310 379 1392 Impleat
391 1313 567 1373 innumeras
582 1312 698 1371 llurrus
714 1310 918 1392 Olympiadas.

186 1395 272 1457 aliae
288 1403 355 1456 rata
368 1402 439 1456 vota
451 1395 566 1476 patris:
587 1395 631 1455 sic
646 1400 678 1455 te
696 1400 749 1455 tua
763 1394 871 1474 diligat
886 1398 978 1456 arbor

211 1544 214 1550 ,
250 1479 390 1540 Gaudeat
404 1486 437 1540 et
452 1484 537 1539 certa
551 1479 727 1557 virginitate
741 1499 845 1540 soror:

207 1564 363 1643 Perpetuo
379 1565 423 1624 sic
436 1564 515 1624 flore
530 1563 640 1642 mices,
660 1564 705 1623 sic
721 1561 856 1643 denique
870 1582 932 1623 non
948 1563 1011 1623 sint

252 1647 329 1707 'l'am
343 1647 453 1726 longae
467 1647 607 1725 Bromio,
632 1667 721 1725 quam
736 1648 810 1725 tibi,
831 1647 975 1725 Phoebe,
999 1665 1117 1709 comae.

589 1792 695 1856 XLVI.

210 1902 383 1964 Saturnalia
398 1903 522 1964 divitem
538 1903 694 1965 Sabellum

206 1987 379 2048 Fecerunt:
399 1989 509 2048 merito
527 1994 626 2048 tumet
639 1987 795 2064 Sabellus,

207 2070 272 2130 Nec
289 2090 460 2150 quenquam
478 2078 566 2152 putat
584 2092 652 2133 esse
667 2072 888 2153 praedicatque

209 2155 293 2214 luter
308 2156 476 2216 causidicos
490 2158 668 2217 beatiorem.

186 2239 276 2300 5Hos
290 2238 389 2299 fastus
402 2242 579 2318 animosque
595 2239 647 2299 dat
664 2238 789 2301 Sabello

209 2323 316 2384 Farris
331 2323 485 2383 semodius
500 2324 651 2403 fabaeque
665 2324 785 2401 fresae,

211 2407 253 2467 Et
266 2407 345 2465 turis
359 2408 540 2486 piperisque
557 2414 622 2466 tres
638 2405 792 2486 selibrae,

208 2491 251 2553 lit
266 2490 415 2549 Lucanica
429 2495 537 2550 ventre
553 2509 620 2549 cum
633 2488 773 2571 Falisco,

209 2574 250 2633 llt
265 2574 346 2650 nigri
362 2574 439 2652 Syra
454 2572 571 2633 defruti
585 2572 712 2652 lagona,

168 2658 248 2720 aoht
264 2658 340 2716 ficus
355 2657 472 2736 Libyca
486 2655 587 2735 gelata
602 2664 683 2719 testa

209 2741 285 2801 Cum
300 2739 401 2802 bulbis
417 2739 614 2820 cochleisque
629 2760 789 2821 caseoque.

207 2825 322 2885 Piceno
342 2844 463 2904 quoque
479 2828 564 2886 venit
578 2847 595 2886 a
610 2825 724 2887 cliente

207 2908 323 2968 Parcae
339 2908 448 2969 cistula
462 2929 524 2968 non
538 2930 631 2989 capax
645 2908 762 2988 olivae,

207 2992 250 3054 Et
264 3011 365 3053 crasso
379 2990 467 3071 figuli
481 2991 579 3072 polita
594 2991 680 3052 caelo

167 3083 199 3138 15
207 3074 389 3154 Septenaria
403 3076 558 3154 synthesis
575 3075 718 3154 Sagunti,

207 3159 363 3238 Hispanae
377 3158 495 3218 luteum
509 3163 597 3218 rotae
610 3164 750 3220 toreuma

206 3243 248 3305 lit
260 3241 322 3302 lato
337 3243 452 3302 variata
466 3262 574 3322 mappa
588 3241 682 3308 clavo.

208 3325 381 3387 Saturnalia
394 3326 600 3384 fructuosiora

209 3409 306 3471 Annis
320 3429 382 3470 non
396 3410 503 3470 habuit
518 3408 625 3469 decem
639 3405 791 3470 Sabellus.
