2370 3924
88 223 152 292 288
410 225 454 286 M.
470 225 561 287 VAL.
578 224 807 287 MARTIALIS

109 382 123 405 ⁰
215 378 280 438 Nec
295 374 461 458 capitolini
474 373 565 436 collis
580 375 702 437 alumno
715 379 781 439 tibi

173 462 238 522 Nec
253 462 314 524 cito
327 458 444 520 ridebit
457 461 616 539 peregrini
634 459 733 539 gloria
746 467 870 540 portus,

215 545 380 605 Romanam
395 541 504 604 decent
520 563 610 623 quom
623 545 719 623 magis
733 563 802 605 esso
817 565 937 609 nurum.

175 630 224 690 Tu
238 626 426 688 desidorium
441 627 582 688 domiuac
595 628 671 687 mihi
685 629 788 689 mitius
802 631 887 690 urbis

132 724 167 778 10
214 715 292 775 Esse
306 713 410 771 iubes:
429 711 555 772 Romam
573 718 606 772 tu
621 713 696 772 mihi
709 710 777 773 solo
791 713 879 778 iacis.

560 844 653 906 XXII.

173 946 270 1023 Quam
285 946 327 1005 sit
339 944 424 1005 lusco
437 941 596 1004 Philaenis
610 942 811 1023 indecenter,

174 1029 229 1091 Vis
245 1028 343 1088 dicam
357 1028 497 1088 breviter
509 1026 584 1104 tibi,
606 1025 760 1089 Fabulle?

171 1113 266 1174 loon
280 1130 370 1173 coeca
384 1110 546 1171 decentior
564 1109 734 1174 Philaenis.

551 1244 659 1307 XXIII.

174 1345 325 1405 Dentibus
341 1353 433 1424 atque
450 1344 561 1421 comis,
583 1360 641 1403 nec
656 1349 690 1403 tc
703 1342 816 1425 pudet,
836 1345 936 1406 uteris
951 1349 1074 1430 emptis.

215 1428 295 1506 Quid
309 1429 405 1489 facies
420 1426 523 1505 oculo,
543 1425 671 1488 Laelio?
692 1447 753 1487 non
769 1428 890 1491 emitur.

554 1561 664 1624 XXIV.

176 1658 364 1738 Oiucunda,
389 1661 535 1738 covinno,
556 1656 709 1737 solitudo,

175 1743 310 1803 Carruca
324 1746 419 1822 magis
434 1744 607 1823 essedoque
622 1749 741 1822 gratum

171 1824 309 1886 Facundi
324 1829 398 1887 mihi
413 1848 521 1889 munus
536 1826 678 1887 Aeliani!

173 1911 233 1968 IIic
249 1929 365 1969 mecum
379 1911 470 1990 licet,
493 1914 561 1989 hic,
582 1912 700 1989 Iuvate,
724 1909 874 1992 quidquid

150 1993 206 2053 oin
221 1994 346 2052 buccam
362 1996 419 2054 tibi
433 1997 570 2073 venerit,
592 1994 739 2074 loquaris.

172 2076 241 2136 Non
257 2084 361 2137 rector
375 2078 483 2158 Libyci
498 2081 587 2157 otger
602 2078 728 2157 caballi,

174 2161 353 2221 Succinctus
367 2181 468 2241 neque
484 2184 591 2224 cursor
606 2163 771 2224 antecedit.

173 2244 328 2322 Nusquam
344 2252 392 2306 est
405 2247 516 2322 mulio;
538 2249 672 2308 mannuli
688 2249 842 2311 tacebunt.

174 2328 200 2386 0
218 2329 244 2388 si
258 2332 397 2390 conscius
413 2339 496 2391 esset
510 2334 561 2391 hic
577 2333 701 2409 Avitus,

132 2412 287 2474 lunarem
303 2433 364 2472 non
380 2433 436 2493 ego
452 2417 576 2475 tertiam
589 2418 740 2475 timerem.

174 2494 272 2555 Totus
288 2515 375 2572 quam
390 2499 470 2559 bene
485 2501 529 2559 sic
548 2499 614 2559 dies
630 2498 744 2559 abiret!

558 2631 653 2695 XXV.

173 2729 248 2788 Cum
260 2747 335 2807 rogo
348 2735 380 2788 te
392 2749 529 2790 nummos
541 2731 607 2791 sine
619 2734 760 2811 pignore,
772 2752 855 2809 „non
868 2734 1007 2812 hobeo,“
1022 2737 1115 2817 inquis

213 2811 314 2891 Idem,
336 2815 361 2873 si
376 2835 433 2894 pro
449 2834 498 2875 me
513 2814 647 2895 spondet
665 2814 800 2895 agellus,
822 2817 928 2877 babes.

173 2895 261 2972 Quod
273 2898 346 2956 mihi
362 2917 423 2956 uon
438 2897 540 2958 credis
554 2902 670 2978 veteri,
694 2899 860 2979 Telesino,
884 2900 1006 2982 sodali,

215 2979 325 3040 CredIs
341 2980 480 3040 coliculis
495 2984 716 3064 arboribusque
731 2986 817 3048 meis,

151 3061 274 3139 5Ecce,
294 3082 379 3123 rcum
400 3065 496 3125 Carus
510 3071 543 3125 te
559 3066 689 3128 detulitz
710 3070 782 3128 assit
797 3067 924 3147 agellus.

214 3143 315 3207 Exilio
331 3149 472 3208 comitem
489 3152 634 3228 qnaeris?
655 3151 771 3231 agellus
787 3160 845 3213 eat.

555 3284 662 3346 XXVI.

173 3374 331 3454 Sexagena
344 3384 428 3438 teras
444 3400 510 3440 cum
525 3380 630 3442 limina
643 3401 732 3442 manc
747 3390 887 3465 senator,

211 3460 291 3522 Esse
304 3462 363 3522 tibi
378 3462 485 3524 videor
501 3463 672 3527 desidiosus
688 3486 800 3549 eques,
