2370 3924
342 205 771 271 nP1GRAMMATONL1n.
786 209 837 271 na
1049 211 1112 276 215

193 359 263 420 Stat
275 355 418 438 platanus
433 356 539 419 densis
555 360 738 421 caesariana
752 364 864 440 comis,

147 443 291 523 Hospitis
305 443 412 501 invicti
426 445 530 521 posuit
546 463 636 522 quam
651 443 779 504 dextera
792 445 885 524 felix,

193 527 306 607 Coepii
322 530 355 584 et
371 543 409 585 ex
422 524 478 586 illa
493 546 637 587 crescere
655 530 740 607 virga
755 549 854 593 manu.

148 614 319 672 Auctorem
334 607 553 689 dominumque
567 631 654 671 suum
669 615 788 673 sentire
802 613 943 674 videtur:

100 709 140 761 10
191 697 242 756 Sic
256 697 338 755 viret
353 699 386 752 et
399 696 492 754 ramis
507 695 611 754 sidera
627 695 711 756 celsa
725 699 814 777 petit.

149 780 250 859 Saepe
264 777 320 839 suh
335 778 393 837 hac
407 777 523 838 madidi
539 778 683 840 luserunt
698 784 809 841 arbore
823 781 922 842 Fauni

192 861 323 923 Terruit
337 866 370 920 et
384 863 508 923 tacitam
522 862 626 923 fistula
641 883 711 923 sera
726 864 864 940 domum;

146 949 289 1025 Dumque
302 945 384 1024 fugit
398 945 481 1005 solos
495 954 679 1007 nocturnum
692 948 776 1009 Pana
789 968 847 1028 per
864 968 971 1028 agros,
1145 970 1169 1007 a·

191 1032 292 1111 Saepe
307 1031 362 1088 rub
377 1029 436 1088 hac
449 1027 541 1089 latuit
554 1033 669 1091 rustica
683 1032 796 1093 fronde
809 1033 917 1112 Dryas.
1118 1016 1138 1045 ν

102 1126 140 1180 15
147 1116 251 1194 Atque
267 1113 374 1173 oluere
388 1110 472 1172 lares
491 1116 691 1175 comissatore
704 1115 825 1195 Lyaeo,

192 1198 300 1259 Crevit
315 1203 348 1255 et
362 1197 461 1256 effuso
474 1193 589 1258 laetior
603 1202 710 1259 umhra
723 1219 826 1274 mero;

147 1281 376 1358 Hesternisque
389 1282 505 1340 rubens
522 1280 644 1342 deiecta
658 1289 708 1343 est
721 1284 819 1344 herba
834 1286 975 1363 coronis,

190 1366 295 1444 Atque
309 1382 377 1424 ruas
391 1364 495 1444 potuit
508 1363 615 1425 dicere
630 1384 720 1427 nemo
735 1387 831 1430 roras.

148 1449 174 1510 0
191 1447 308 1510 dllecta
321 1446 405 1524 deis,
427 1466 444 1506 o
458 1450 560 1526 magni
573 1451 715 1512 (laeaaris
729 1453 838 1529 arhor,

98 1546 140 1600 no
188 1533 236 1594 Ne
249 1539 368 1593 metuas
382 1531 501 1590 ferrum
517 1532 747 1612 oacriIegosque
761 1536 858 1595 focos.

146 1618 321 1698 Perpetuos
335 1633 463 1695 sperare
479 1613 557 1676 licet
572 1618 629 1676 tibi
643 1616 764 1678 frondis
780 1619 933 1678 honores:

188 1702 258 1763 Nou
271 1699 476 1781 Pompeianae
491 1706 524 1758 te
537 1719 672 1780 posuere
686 1721 800 1762 manus.

545 1870 637 1931 LXII.

146 1980 268 2043 'l'inctia
282 1984 400 2043 murice
415 1983 552 2044 vestibus
569 1980 652 2061 quod
668 1983 751 2043 omni

144 2066 188 2126 Et
200 2072 293 2127 nocte
309 2068 408 2127 utitur
423 2074 456 2128 et
471 2066 521 2127 die
535 2065 712 2144 Philaenis,

145 2149 215 2210 Nou
230 2156 279 2210 eat
294 2151 454 2211 ambitiosa
468 2169 527 2210 nec
542 2151 691 2229 superba:

145 2233 326 2294 Delectatur
343 2233 456 2312 odore,
476 2251 539 2292 non
551 2232 665 2292 colore.

531 2397 636 2460 LXIII.

145 2509 196 2571 Ad
211 2530 317 2572 cenam
330 2514 462 2574 invitant
476 2533 583 2575 omues
597 2520 645 2593 te,
668 2515 811 2593 Phoebe,
825 2476 963 2575 cinaedi.
1033 2546 1037 2551 ,

187 2594 330 2657 Mentula
345 2617 435 2676 quem
450 2599 567 2678 pascit,
587 2618 665 2678 non,
687 2605 781 2678 puto,
802 2617 897 2678 purus
911 2598 1002 2656 homo
1019 2601 1078 2659 est.

531 2759 639 2822 LXIV.

144 2868 291 2929 Herculis
306 2871 339 2929 in
352 2872 454 2948 magni
469 2867 571 2930 voltus
587 2866 779 2929 descendere
794 2869 909 2929 Caesar

186 2952 337 3031 Dignatus
350 2953 458 3014 Latiae
474 2952 528 3014 dat
541 2974 618 3014 nova
632 2951 749 3034 templa
763 2954 846 3030 viae,

145 3037 213 3114 Qua
228 3037 353 3098 Triviae
367 3057 531 3098 nemorosa
544 3039 626 3118 petit
639 3037 711 3098 dum
726 3056 823 3116 regna
836 3037 950 3114 viator,

188 3121 340 3181 Octavum·
352 3121 474 3182 domina
489 3143 622 3182 marmor
638 3124 674 3182 ab
690 3124 767 3182 urhe
782 3120 868 3200 legit.

119 3204 228 3264 5Ante
244 3202 405 3266 colebatur
418 3207 497 3267 votis
515 3212 549 3265 et
562 3206 710 3284 sanguine
725 3205 827 3284 largo,

185 3287 339 3349 Maiorem
353 3289 486 3350 Alciden
500 3310 581 3350 nunc
595 3291 696 3349 minor
710 3290 778 3369 ipse
793 3286 876 3349 colit.

142 3371 235 3432 Hunc
250 3392 373 3454 magnas
388 3380 476 3454 rogat
492 3373 572 3434 alter
589 3391 680 3454 opes,
702 3379 791 3452 rogat
806 3371 886 3433 alter
901 3371 1057 3446 honores;

184 3453 235 3516 llll
249 3476 376 3519 securus
390 3465 461 3519 rota
474 3457 593 3517 minora
608 3456 693 3518 facit.
