2370 3924
89 224 131 285 50
418 220 463 282 M.
480 219 572 283 VAL.
589 219 815 281 MARTIALIS

177 374 225 435 'l'e
238 373 482 435 Lacedaemonio
498 371 580 432 velat
593 378 665 450 toga
679 370 745 451 lota
760 369 893 433 Galaeso

216 456 277 522 Vel
294 478 385 538 quam
400 458 537 538 seposito
554 454 593 515 de
608 473 703 534 grege
717 455 828 516 Parma
843 455 948 535 dedit,

152 537 281 606 5At‘me
297 561 374 621 quae
388 561 478 621 pasca
492 546 541 600 eat
553 539 650 599 furias
666 545 699 600 et
713 559 828 600 cornua
840 542 939 620 tauri,

215 625 361 687 Noluerit
376 625 437 685 dici
453 643 543 704 quam
556 622 621 703 pila
634 625 733 703 prima
748 643 840 684 suam.

174 710 264 772 Misit
277 712 458 788 Agenoreas
473 707 581 768 Cadmi
596 709 654 767 tibi
669 714 755 767 terra
769 706 929 768 lacernas:

216 794 285 853 Non
299 792 416 854 vendes
431 793 561 851 nummi·
578 793 703 851 coccina
717 800 823 851 noatra
836 793 948 855 tribua.

176 878 225 938 Tu
239 877 372 956 Libycos
386 875 470 935 lndia
486 873 648 954 suspendia
664 874 809 934 dentibus
824 876 933 936 orbes:

133 972 167 1023 10
214 960 357 1020 Fulcitur
372 966 453 1018 testa
467 960 571 1037 fagina
584 977 689 1018 mensa
704 958 791 1018 mihi.

174 1043 333 1104 Immodici
346 1045 405 1103 tibi
419 1044 497 1104 flava
511 1047 620 1121 tegunt
636 1041 844 1121 chrysendeta
858 1040 962 1102 mulli:

218 1126 375 1188 Concolor
388 1127 421 1186 in
436 1133 561 1204 nostra,
583 1145 750 1204 cammare,
771 1124 862 1186 lance
876 1127 980 1191 rubea.

176 1213 261 1274 Grex
274 1217 345 1272 tuus
361 1209 453 1271 Iliaco
468 1217 593 1291 poterat
608 1217 731 1270 certare
748 1208 893 1288 cinaedo,

217 1296 260 1356 Aa
274 1296 350 1355 mihi
364 1296 518 1355 succurrit
532 1313 589 1374 pro
606 1293 786 1373 Ganymede
801 1312 917 1356 manua.

133 1381 220 1441 lex
235 1380 344 1459 opibus
358 1378 452 1438 tantia
467 1379 568 1438 veteri
581 1376 707 1456 fidoque
722 1376 820 1439 sodali

216 1463 277 1522 Dar
291 1461 370 1522 nihil
385 1468 418 1522 et
432 1459 525 1540 dicia,
549 1461 704 1541 Candide,
726 1453 823 1523 κοινὰ
838 1461 970 1540 plicavi

562 1595 670 1659 XLIV.

172 1708 242 1769 Emi
257 1727 313 1768 seu
327 1728 457 1790 puerum
472 1714 612 1787 togamve
627 1725 736 1787 pexam

173 1791 238 1850 Seu
251 1793 327 1869 tria,
347 1797 484 1872 utputa,
507 1797 690 1870 quattuorve
704 1789 817 1868 libras,

175 1874 286 1933 Sextus
301 1876 443 1954 protinus
458 1873 513 1933 ille
528 1875 706 1951 fenerator,

176 1959 274 2034 Quem
289 1960 387 2018 nortia
401 1964 542 2018 veterem
557 1976 657 2017 meum
673 1957 826 2036 sodalem,

153 2040 221 2104 5Ne
238 2040 312 2120 quid
327 2041 411 2101 forte
424 2048 529 2123 petam
543 2043 634 2101 timet
649 2049 814 2121 cavetque,
895 2041 900 2051 '

173 2127 215 2185 Et
229 2143 348 2202 aecum,
370 2125 426 2186 aed
441 2133 476 2186 ut
491 2125 629 2204 audiam,
648 2132 805 2186 auaurrat:

174 2208 325 2289 „Septem
339 2209 422 2269 milia
438 2210 538 2271 debeo
555 2209 714 2287 Secundo,

173 2292 300 2353 Phoebo
318 2301 479 2372 quattuor,
500 2293 644 2354 undecim
657 2293 799 2372 Phileto,
908 2358 911 2363 ,

173 2377 215 2436 ut
231 2376 384 2454 quadrans
398 2379 474 2438 mihi
488 2375 591 2437 nullua
607 2383 656 2436 est
670 2379 703 2437 in
718 2377 822 2440 arca.“

131 2459 200 2522 100
216 2460 332 2538 grande
345 2462 502 2540 ingenium
516 2463 578 2521 mei
593 2460 724 2522 sodalis!

173 2544 291 2603 Durum
306 2551 370 2622 eat,
392 2545 504 2622 Sexte,
525 2564 656 2623 negare,
680 2566 746 2605 cum
762 2546 897 2625 rogaris,

174 2629 294 2704 Quanto
310 2628 432 2707 durinc,
455 2634 617 2711 antequam
631 2631 766 2708 rogerie!

489 2778 493 2791 ’
559 2762 653 2825 XLV.

174 2876 258 2953 Quae
274 2877 331 2936 tihi
345 2894 407 2934 non
423 2875 523 2934 stabat
536 2876 677 2954 praeciaa
692 2879 740 2933 est
755 2872 908 2953 mentula,
932 2874 1061 2957 Glypte.

213 2960 365 3036 Demens,
386 2978 453 3018 cum
468 2959 554 3017 ferro
572 2957 646 3036 qnid
660 2958 741 3017 tibi?
768 2957 876 3019 Gallus
893 2977 971 3022 erae.

558 3089 664 3153 XLVI.

170 3201 299 3263 Florida
313 3220 370 3282 per
385 3203 484 3262 varios
498 3208 532 3262 at
546 3203 684 3282 pingitur
698 3202 802 3282 Hybla
817 3203 957 3284 coloreo,

215 3288 292 3346 (lum
305 3286 400 3346 breve
417 3286 556 3346 Sicaniae
570 3305 624 3346 ver
638 3286 827 3367 populantur
842 3308 933 3369 apen,

172 3369 224 3431 Sic
238 3376 290 3431 tua
304 3371 471 3450 suppositis
487 3370 644 3431 collucent
658 3370 766 3452 praela
779 3370 932 3452 lacernis,

214 3454 265 3515 Sic
280 3454 373 3514 micat
384 3454 554 3517 innumeris
569 3454 675 3516 arcula
689 3458 903 3535 ayntheaibua,
992 3525 997 3534 ,
