2370 3924
228 270 230 275 .
327 185 749 289 nurcnnnnrronum.
763 229 815 292 lv.
1050 233 1092 299 aa

536 427 604 490 XV.

133 540 227 604 Mille
242 542 302 602 tibi
316 559 453 601 nummos
469 542 617 602 hesterna
630 540 700 602 luce
714 544 836 619 roganti

177 626 211 687 In
226 643 281 685 sex
295 631 347 685 aut
361 630 496 704 septem,
519 625 711 704 caeciliane,
731 623 814 704 dier,

133 710 228 790 „Non
242 709 365 769 habeo“
381 707 458 768 diui:
479 708 536 768 sed
550 715 584 769 tu
599 715 738 769 causatus
753 711 842 769 amici

162 791 349 854 Adventum
363 792 482 853 lancem
496 806 653 872 paucaque
667 810 848 871 vasarogas.

105 875 325 940 assultores?
347 895 385 936 an
400 874 529 937 stultum
541 895 591 936 me
608 876 726 955 credis,
750 878 868 937 amice?
887 880 996 957 negavi

176 958 267 1022 Mille
282 961 340 1020 tibi
353 979 508 1038 nummos,
529 958 615 1020 milia
631 962 765 1039 quinque
781 958 882 1021 dabo?

528 1093 607 1156 XVI.

132 1206 310 1284 Privignum
323 1224 386 1264 non
403 1222 472 1264 esse
488 1210 559 1264 tuae
573 1211 622 1283 te,
646 1202 751 1282 Galle,
773 1224 923 1267 novercae

173 1289 290 1349 Rumor
304 1294 390 1366 erat,
413 1289 544 1347 coniunx
560 1287 630 1347 dnm
643 1288 704 1347 fuit
718 1286 773 1347 illa
786 1291 893 1368 patris.

131 1371 202 1433 Non
216 1377 320 1432 tamen
335 1373 395 1430 hoc
410 1376 535 1451 poterat
548 1373 615 1432 viro
632 1372 774 1450 genitore
786 1374 921 1450 probari.

173 1458 236 1515 lom
250 1474 398 1535 nusquam
412 1462 504 1535 pater
518 1462 585 1534 est,
607 1454 713 1533 Galle,
736 1473 868 1516 noverca
884 1457 966 1518 dorni
981 1465 1041 1521 est.

104 1540 266 1618 §Magnus
281 1541 318 1600 ab
335 1539 468 1600 infernis
483 1546 647 1599 revocetur
664 1537 786 1598 'Pullius
800 1541 916 1600 umbris

172 1622 214 1684 llt
231 1629 264 1683 tc
279 1620 429 1683 defendat
446 1621 581 1700 Regulus
595 1624 662 1703 ipse
677 1621 770 1700 licet,

128 1707 200 1768 Non
212 1714 304 1787 potes
318 1704 449 1766 absolvi:
473 1726 543 1766 nam
560 1725 638 1786 quae
653 1725 714 1765 non
731 1704 847 1766 desinit
861 1725 930 1767 esse

172 1791 249 1851 Post
266 1797 404 1871 patrem,
425 1809 596 1869 nunquam,
619 1787 725 1869 Galle,
745 1807 878 1850 noverca
891 1791 961 1856 luit.

516 1923 609 1986 XVII.

127 2036 250 2098 Facere
263 2036 296 2095 in
311 2035 486 2114 Lyciscam,
504 2033 617 2115 Paule,
635 2056 684 2097 me
697 2039 785 2098 iubes
799 2057 923 2117 versus,

129 2121 249 2197 Quibus
263 2117 317 2179 illa
334 2118 427 2180 lectis
440 2120 550 2179 rubeat
565 2127 598 2179 et
612 2122 653 2180 sit
666 2122 754 2182 irata.

128 2204 158 2264 0
171 2201 285 2282 Paule,
307 2201 404 2263 malus
418 2222 469 2264 es:
488 2204 640 2263 irrumare
654 2206 700 2263 vis
717 2204 808 2268 solus.

518 2351 624 2413 XVlll.

130 2465 199 2541 Qua
215 2465 316 2524 vicina
329 2462 409 2544 pluit
423 2463 567 2544 Vipsanis
582 2469 672 2544 porta
687 2463 836 2526 columnis
913 2530 916 2535 ,

171 2548 214 2608 Et
228 2547 332 2608 madet
346 2547 467 2608 assiduo
482 2546 618 2608 lubricus
631 2549 731 2609 imbre
744 2547 838 2629 lapis,

127 2632 164 2693 ln
181 2630 318 2711 iugulum
331 2633 439 2711 pueri,
462 2632 513 2711 qui
528 2631 650 2691 roscida
664 2637 752 2692 tecta·
761 2636 899 2712 subibat,

172 2715 296 2776 Decidit
309 2717 440 2776 hiberno
457 2717 634 2796 praegravis
649 2714 731 2776 unda
745 2715 831 2794 gelu:

100 2799 270 2879 fucumque
285 2800 460 2880 peregisset
473 2800 579 2858 miseri
595 2796 732 2858 crudelia
747 2799 827 2876 fata,

175 2884 290 2944 Tabuit
304 2885 337 2942 in
353 2882 453 2944 calido
468 2880 597 2942 uulnere
610 2901 717 2941 mucro
732 2890 832 2943 tener.

130 2967 213 3042 Quid
226 2987 288 3028 non
303 2986 392 3027 saeva
407 2967 466 3027 sibi
480 2964 578 3026 voluit
591 2965 731 3027 Fortuna
745 2964 864 3026 licere?

107 3101 116 3111 ι
172 3053 234 3111 Ant
248 3053 301 3113 nbi
315 3071 377 3111 non
392 3070 474 3111 mors
490 3056 553 3128 est,
575 3051 601 3110 si
615 3048 759 3129 iugulatis
774 3051 893 3130 aquae?

525 3185 605 3246 XIX.

126 3297 216 3357 Hanc
229 3298 287 3356 tibi
303 3297 493 3375 Sequanicae
507 3298 651 3377 pinguem
666 3298 806 3358 textricis
821 3296 987 3376 alumnam,

174 3381 258 3456 Quae
272 3380 549 3441 Lacedaemonium
563 3383 693 3442 barbara
707 3401 818 3442 nomen
834 3383 945 3459 habet,

127 3463 282 3544 Sordida,
304 3464 362 3526 sed
375 3465 478 3544 gelido
492 3486 554 3526 non
570 3465 762 3547 aspernanda
779 3467 945 3526 Decembri
