2370 3924
329 269 673 331 EPIGRAMMATON
685 271 759 335 Llli.
774 274 840 336 Vll.
996 303 1001 308 ’
1049 275 1112 342 149

535 424 641 485 xcffl.

146 525 230 587 Tam
243 519 324 584 male
340 521 437 582 Thais
452 521 533 601 olet,
557 544 647 601 quam
661 543 723 583 non
737 522 867 585 fullonio
881 528 964 589 avari
1030 560 1033 566 ·

193 607 291 669 Terta
304 612 410 685 vetus,
432 605 533 666 media
551 606 607 667 sed
622 606 713 667 modo
728 608 828 669 fracta
840 611 905 687 via,

146 693 219 755 Non
233 693 271 752 ah
288 709 393 751 amore
409 708 521 751 recena
535 692 656 769 hircus,
678 711 741 751 non
757 712 810 752 ora
824 692 942 772 leonis,

190 775 262 836 Non
277 773 418 834 detracta
433 777 502 834 cani
515 776 738 835 trauatiherina
753 779 849 852 cutis3

121 857 263 924 5Pullua
278 860 417 920 abortivo
433 877 492 918 nec
505 878 572 918 cum
587 861 741 938 putrescit
755 861 788 919 in
804 881 875 939 ovo,

191 944 348 1024 Amphora
364 950 511 1022 corrupto
527 961 585 1002 uec
600 944 706 1003 vitiata
723 963 804 1022 garo.

146 1029 244 1090 Virus
255 1031 290 1086 ut
304 1027 364 1087 hoc
380 1025 440 1087 alio
454 1025 550 1087 fallax
563 1033 721 1106 permutet
736 1027 848 1106 odore,

192 1112 342 1191 Depoaita
356 1112 500 1190 quotiens
517 1110 630 1170 balnea
644 1118 731 1171 veste
744 1113 840 1192 petit:

146 1194 308 1256 Psilothro
322 1195 404 1254 viret
418 1201 470 1254 aut
485 1193 571 1255 acida
585 1192 665 1254 latet
681 1194 777 1255 oblita
792 1203 894 1273 creta,

99 1291 140 1343 lo
188 1281 254 1340 Aut
266 1279 384 1357 tegitur
398 1280 506 1358 pingui
521 1285 633 1359 terque
649 1287 819 1357 quaterque
834 1281 914 1341 faba.

147 1364 226 1424 Gum
241 1365 373 1424 benene
388 1368 486 1423 tutam
499 1382 557 1443 per
571 1362 698 1422 fraudes
712 1362 800 1423 mille
814 1365 948 1444 putavit,
1017 1357 1023 1366 '

193 1447 304 1508 Omnia
318 1467 386 1508 cum
399 1447 493 1524 fecit,
517 1446 638 1507 Thaida
654 1447 750 1508 Thais
766 1445 840 1508 olet.

534 1580 643 1643 XCIV.

143 1679 309 1740 Ponuntur
322 1697 446 1760 semper
461 1676 669 1758 chrysendeta
681 1677 862 1758 Calpetiano

190 1762 263 1824 Sive
277 1764 373 1843 foria,
395 1782 452 1823 aen
466 1768 640 1823 cum-ccuat
653 1764 686 1822 in
702 1764 781 1823 urbe
799 1762 890 1824 domi.

146 1846 201 1908 Sic
216 1849 311 1909 etiam
323 1851 357 1909 iu
372 1846 494 1909 atahulo
509 1865 648 1927 semper,
671 1848 715 1907 sic
734 1856 824 1908 cenat
837 1850 870 1908 in
886 1868 968 1928 agro.

189 1931 260 1992 Non
274 1932 370 1994 habet
384 1950 459 2010 ergo
475 1929 582 1992 aliud?
610 1930 681 1991 Non
693 1933 789 1992 hahet
802 1933 894 1993 immo
909 1953 1007 2009 ouum.
1105 2024 1108 2029 ι
1124 1968 1159 2001 ·.,

357 2297 403 2369 ιι.
434 2297 537 2370 vlu.
562 2295 818 2370 unarchus

267 2466 902 2563 hl'ldltdhhhldd

458 2647 621 2714 LIBER
647 2652 713 2715 Vll.

576 2836 598 2894 1.

142 2949 263 3030 Accipe
276 2947 450 3029 belligerae
466 2948 594 3010 crudum
608 2950 736 3009 thoraca
750 2948 927 3029 Minervae,

189 3033 260 3115 lpra
273 3034 462 3095 Medusaeae
480 3053 571 3113 quem
585 3036 676 3093 timet
688 3034 736 3092 ira
751 3052 865 3094 comae.

143 3119 226 3179 llum
238 3124 343 3197 vacat,
362 3119 456 3196 haec,
478 3119 609 3196 Caesar,
631 3119 749 3198 poterit
764 3117 861 3179 lorica
875 3121 993 3181 vocarit

186 3203 322 3263 Pectore
338 3222 407 3262 cum
420 3221 508 3262 sacro
524 3202 659 3280 sederit,
681 3203 765 3280 aegia
781 3206 851 3266 erit.

567 3337 602 3396 Π.

139 3437 229 3500 Invia
246 3433 423 3496 Sarmaticis
439 3434 555 3502 domini
567 3435 668 3495 lorica
684 3437 802 3514 sagittia

186 3520 359 3583 nemarcos
375 3520 483 3580 Getico
499 3526 627 3607 tergore
643 3518 707 3583 fida
720 3521 840 3604 magia,
