2370 3924
298 261 638 326 EPIGRAMMATON
650 262 724 324 LIB.
740 262 791 324 IX.
1007 262 1071 327 203

510 463 590 523 XXI.

111 577 329 639 Artemidorus
343 578 438 638 habet
451 596 598 657 puerum,
620 579 676 639 sed
692 578 832 641 vendidit
847 598 967 658 agrum:

155 664 270 740 Agrum
285 681 342 742 pro
356 679 454 741 puero
470 660 667 723 Calliodorus
679 665 782 724 habet.

112 747 185 822 Dic,
207 751 279 805 uter
297 763 335 805 ex
347 745 416 804 istic
431 743 541 805 melius
553 765 620 806 rem
634 749 783 826 gesserit,
803 747 926 807 Aucto?

155 828 373 909 Artemidorus
388 835 484 907 amat,
507 828 704 891 Calliodorus
718 837 792 891 arat.

503 963 596 1024 XXII.

114 1074 227 1138 Credis
242 1076 281 1135 ob
294 1075 373 1134 haec
390 1091 454 1149 me,
475 1073 604 1151 Pastor,
628 1093 703 1155 opes
717 1076 851 1135 fortasse
865 1094 994 1155 rogare,

154 1160 291 1239 Propter
306 1175 384 1236 quae
398 1154 506 1234 vulgus
520 1176 683 1236 crassaque
698 1160 789 1219 turba
803 1165 907 1237 rogat,

110 1245 154 1305 Ut
169 1242 276 1303 Setina
290 1259 375 1302 meos
391 1245 549 1300 consumat
560 1238 650 1318 gleba
664 1239 786 1320 ligones

154 1328 197 1387 ut
211 1330 302 1386 sonet
314 1326 476 1384 innumera
491 1323 640 1404 compede
657 1325 776 1385 Tuscus
795 1343 885 1404 ager3

87 1412 156 1474 5Ut
168 1409 272 1471 Mauri
287 1409 412 1487 Libycis
427 1413 551 1468 centum
565 1413 649 1468 stent
665 1408 809 1469 dentibus
824 1410 915 1469 orbes

116 1534 119 1540 ι
153 1495 196 1555 ut
210 1499 320 1573 crepet
331 1493 364 1552 iu
378 1493 493 1551 nostris
509 1510 602 1551 aurea
614 1490 715 1552 lemna
728 1493 824 1570 toria,

111 1577 177 1638 Nec
190 1575 288 1637 labris
304 1576 365 1635 nisi
378 1594 486 1653 magna
500 1577 577 1636 meis
592 1574 740 1655 crystalla
752 1582 897 1637 terantur

76 1709 79 1714 .
154 1661 196 1723 Et
209 1661 325 1720 faciant
338 1660 441 1738 ulgrus
456 1665 562 1719 nostra
577 1659 712 1720 Falerna
725 1661 829 1734 uives;
1098 1650 1132 1703 '⁰¹‘

114 1746 158 1806 Ut
172 1745 367 1805 canuslnatus
382 1748 490 1802 nostro
507 1743 602 1822 Syrus
618 1762 723 1804 assere
737 1742 830 1803 sudet

70 1841 106 1893 10
154 1830 197 1890 lit
213 1846 281 1888 mea
295 1828 336 1888 rit
351 1824 433 1886 culto
448 1825 527 1887 sella
540 1826 655 1888 cliente
669 1828 837 1907 frequens;

101 1915 246 1974 Aestuet
260 1916 295 1971 ut
308 1916 416 1971 nostro
430 1910 571 1972 madidus
586 1913 711 1972 conviva
725 1913 882 1989 ministro,

155 1997 254 2073 Quem
268 1999 475 2076 permutatum
489 2014 548 2055 nec
563 1995 743 2075 Ganymede
758 1993 853 2070 relis3
949 2006 954 2017 ·

111 2082 156 2142 Ut
169 2079 321 2142 lutulenta
334 2077 411 2139 linat
425 2079 537 2158 Tyrias
551 2081 627 2145 mihi
641 2078 723 2139 mula
737 2079 878 2140 lacernas
1061 2046 1069 2161 ‘i

154 2166 196 2227 Et
213 2160 350 2242 Massyla
366 2180 467 2222 meum
483 2163 569 2241 virga
583 2164 737 2241 gubernet
751 2180 871 2240 equum.
1061 2170 1065 2235 ξ

69 2251 169 2311 must
183 2243 264 2307 nihil
280 2265 318 2306 ex
331 2247 414 2305 istis:
436 2264 566 2325 superos
582 2266 617 2305 ac
632 2246 736 2305 sidera
750 2251 859 2305 testor.
1059 2240 1082 2319 i¹

18 2401 26 2413 ,
156 2331 240 2410 Ergo
257 2328 354 2409 quid?
382 2329 426 2388 Ut
440 2326 568 2406 donem,
585 2329 714 2407 Pastor,
738 2335 771 2388 et
785 2326 945 2388 aedificem
1057 2328 1065 2409 ξ

495 2462 602 2525 XXIII.

115 2578 141 2639 0
157 2581 207 2638 cui
219 2580 358 2658 virgineo
375 2580 545 2638 flavescere
560 2578 691 2656 contigit
709 2596 801 2653 auro,

154 2662 212 2722 Dic
226 2664 280 2723 ubi
292 2661 464 2722 Palladium
478 2662 520 2720 sit
533 2661 606 2739 tibi,
629 2661 725 2738 (lare,
749 2658 867 2720 decus?

112 2746 257 2827 „Aspicis
272 2765 311 2806 eu
329 2745 445 2806 domini
456 2743 614 2821 fulgentes
629 2760 782 2803 marmore
797 2741 923 2800 voltnr‘.²

157 2830 253 2892 Venit
269 2828 308 2890 ad
321 2832 376 2889 has
391 2829 474 2889 uitro
489 2831 596 2887 nostra
610 2844 724 2884 corona
737 2825 872 2884 comas.“

91 2911 255 2974 odibunae
269 2912 368 2974 livere
383 2916 488 2993 potest
501 2911 552 2990 pia
568 2928 701 2989 quercus
716 2906 832 2985 olivae,

157 2998 298 3059 Cinxerit
311 2998 459 3058 invictum
479 2991 561 3073 quod
575 2995 664 3076 prior
678 2991 733 3053 illa
748 2998 847 3071 caput.

497 3127 607 3188 XXIV.

114 3245 190 3322 Quis
204 3244 362 3305 Palatinos
376 3245 512 3304 imitatus
527 3244 660 3320 imagIne
675 3238 776 3301 voltur

155 3327 335 3389 Phidiacum
347 3327 436 3387 Latio
451 3344 604 3387 marmora
618 3325 693 3383 vicit
706 3324 807 3385 eburi

89 3465 94 3469 .
113 3412 201 3472 Haec
216 3411 322 3472 mundi
337 3411 452 3489 facies,
474 3411 552 3469 haec
568 3414 639 3468 sunt
652 3407 731 3467 Iovis
746 3428 800 3467 ora
814 3404 936 3467 sereni:

158 3496 210 3556 Sic
224 3501 312 3556 tonat
325 3492 381 3555 ille
397 3493 489 3571 deus,
513 3513 581 3552 cum
595 3486 663 3552 'sine
678 3492 759 3551 nube
774 3496 872 3551 tonat.
