2370 3924
341 201 685 265 Erlnnamma'lbn
698 204 772 266 L1B.
788 205 826 270 X..
1046 207 1108 271 233

98 386 100 390 ¹
145 359 254 418 Annos
269 354 376 415 addite
390 357 439 415 bis
453 374 568 435 precor
582 374 736 436 novenos,

146 443 192 503 Ut
204 439 341 501 nondum
354 441 447 498 nimia
460 441 551 519 pIger
565 446 708 518 senecta,

147 525 212 586 Sed
224 524 306 586 vitae
320 524 420 583 tribus
437 525 518 583 areis
534 525 669 602 peractis

102 610 246 673 10Lucoa
260 607 387 688 Elysiae
400 613 504 687 petam
518 606 651 686 puellae.

148 694 225 754 Post
238 694 320 753 hunc
334 692 467 754 Nestora
483 711 543 752 nee
556 691 638 762 diem
652 693 778 770 rogabo.

533 825 630 888 XXV.

145 925 180 986 ln
194 926 343 985 matutina
359 942 460 1003 nuper
477 930 633 1004 spectatus
648 926 763 985 harena

189 1009 329 1087 Mucius,
350 1010 497 1088 imposuit
512 1010 564 1087 qui
583 1017 636 1068 sua
652 1011 788 1068 membra
801 1010 896 1089 focis,

147 1092 180 1154 Si
194 1093 316 1173 patiens
332 1092 489 1171 durusque
503 1093 563 1152 tibi
578 1095 732 1172 fortisque
747 1094 887 1173 videtur,

188 1175 401 1237 Abderitanae
416 1183 545 1256 pectora
558 1176 660 1256 plebis
675 1178 781 1241 habos.

125 1260 224 1323 bNam
241 1281 307 1320 cnm
323 1260 443 1320 dicatur
458 1262 561 1329 tunica
575 1268 741 1340 praesente
756 1260 887 1322 molesta

189 1345 276 1423 „Ure
290 1345 445 1424 manum,“
466 1344 535 1425 plus
551 1344 725 1406 estdicere
739 1347 830 1424 „Non
847 1347 962 1408 facio.“

526 1478 638 1540 XXVI.

144 1575 247 1654 vare,
268 1576 469 1636 Paraetonias
483 1577 571 1636 Latia
587 1577 678 1637 modo
693 1578 757 1637 vite
771 1597 829 1658 per
842 1583 936 1641 urbes

188 1659 308 1721 Nobilis
326 1666 359 1720 et
375 1667 498 1721 centnm
515 1661 574 1720 dux
589 1662 787 1722 memorande
802 1664 892 1743 viris,

144 1745 188 1805 At
202 1764 300 1822 nnuc,
321 1745 459 1804 Ausonio
477 1745 593 1805 frustra
608 1747 760 1825 promisse
779 1747 923 1823 Quirino,

189 1829 323 1908 Hospita
338 1829 452 1907 Lagaei
468 1827 572 1890 litoris
589 1831 696 1890 umbra
709 1831 803 1890 iaces.

122 1913 304 1994 bspargere
320 1933 382 1972 non
396 1911 486 1974 licuit
499 1915 647 1993 frigentia
661 1915 786 1974 fletibus
802 1936 871 1994 ora,

187 1998 318 2076 Pinguia
332 2015 391 2057 nec
405 2000 530 2058 maestis
547 1998 663 2059 addere
679 2006 748 2059 tura
763 2000 857 2078 rogis.

146 2081 210 2142 Sed
225 2081 317 2141 datur
331 2088 459 2142 aeterno
473 2084 624 2143 victurum
640 2085 775 2143 carmine
789 2103 908 2147 munus.

188 2164 343 2245 Numquid
359 2172 392 2226 et
405 2168 480 2246 hoo,
494 2165 590 2227 fallax
604 2165 691 2246 Nile,
712 2185 828 2246 negare
843 2168 956 2247 potes?

525 2300 650 2364 XXVII.

147 2396 266 2478 Natali,
287 2399 440 2478 Diodoro,
459 2406 512 2461 tuo
528 2402 654 2462 conviva
669 2407 793 2461 senatus

186 2485 344 2562 Accubat,
367 2489 399 2544 et
413 2505 502 2545 rarus
515 2505 578 2545 non
594 2485 759 2546 adhibetur
775 2505 886 2567 eques,

146 2571 191 2629 Ac
209 2574 263 2630 tua
276 2569 415 2629 tricenos
428 2567 562 2647 largitur
576 2569 716 2650 sportula
730 2590 878 2634 nummos.

185 2651 285 2714 Nemo
300 2660 403 2713 tamen
418 2659 523 2713 natum
538 2661 588 2733 te,
610 2653 764 2731 Diodoro,
785 2659 882 2734 putat.

517 2787 653 2850 XXVIII.

123 2886 307 2946 Annorum
322 2886 476 2964 nitidique
492 2893 577 2946 sator
593 2885 804 2966 pulcherrime
823 2884 944 2964 mundi,
1027 2967 1029 2973 Ι

192 2970 323 3031 Publica
340 2989 431 3049 quem
445 2973 577 3051 primum
592 2977 663 3031 vota
676 2988 851 3051 precesque
865 2977 991 3049 vocant,

104 3044 276 3114 Pervius
291 3056 418 3134 exiguos
432 3057 592 3115 habitabas
609 3061 681 3114 ante
695 3061 843 3135 penates,

186 3136 325 3198 Plurima
342 3160 401 3217 qna
415 3140 550 3200 medium
564 3141 661 3200 Roma
674 3140 798 3199 terebat
813 3140 885 3200 iter.

98 3211 235 3283 Nunc
250 3230 304 3283 tna
319 3223 482 3285 Caesareis
500 3226 665 3302 cinguntur
679 3221 786 3283 limina
801 3223 907 3302 donis,

188 3306 230 3367 Et
244 3307 314 3366 fora
331 3314 379 3367 tot
392 3327 553 3386 numeras,
575 3309 663 3385 Iane,
686 3314 761 3386 quot
776 3327 830 3368 ora
845 3308 937 3386 geris.

73 3384 190 3450 At
202 3397 253 3469 tn,
277 3398 383 3452 sancte
397 3399 503 3473 pater,
526 3399 611 3452 tanto
626 3411 683 3471 pro
699 3411 827 3452 munere
843 3398 963 3470 gratus,

189 3472 307 3536 Ferrea
321 3483 473 3557 perpetua
489 3477 621 3538 claustra
636 3483 726 3539 tuere
743 3497 825 3540 sera.
