2370 3924
324 229 665 293 EPIGRAMMATON
678 234 753 296 LlB.
768 235 819 298 Vl.
1030 240 1093 305 129

130 381 195 442 Tot
209 379 402 461 spectacula,
423 388 471 443 tot
489 381 582 462 deos,
606 390 654 444 tot
669 387 778 446 urbes:

55 552 58 563 .
104 464 205 527 5Plus
219 464 316 526 debet
329 467 387 528 tibi
401 465 515 546 Roma,
536 466 619 546 quod
634 467 747 548 pudica
761 477 818 532 est.

549 603 587 666 V.

127 709 255 771 Rustica
270 716 425 771 mercatus
438 711 542 774 multis
560 735 625 776 sum
639 717 767 797 praedia
781 718 927 781 nummis:

171 794 281 855 Mutua
298 792 354 854 des
370 801 510 875 eentum,
532 799 725 879 caeciliane,
746 821 832 881 rogo.

127 876 180 938 Nil
194 878 270 938 mihi
283 878 480 959 respondes?
506 881 648 945 Tacitum
662 892 694 947 te
709 885 816 947 dicere
832 887 927 951 credo

170 961 261 1041 „Non
275 961 391 1024 reddes
399 964 433 1024 :“
448 963 535 1045 ideo,
560 968 753 1050 Caeciliaue,
775 991 862 1051 rogo.

541 1100 592 1163 Vl.

126 1209 276 1270 Comoedi
292 1215 358 1271 tres
372 1210 460 1289 sunt,
483 1210 539 1272 sed
554 1219 634 1273 amat
647 1220 700 1275 tua
712 1214 822 1296 Paula,
844 1218 1003 1301 Luperce,

170 1293 339 1370 Quattuor:
363 1300 396 1355 et
409 1286 528 1374 κωφὸν
547 1296 643 1358 Paula
657 1291 839 1376 πρόσωπον
857 1311 946 1365 amat.

531 1429 596 1492 Vll.

124 1539 203 1602 lulis
215 1540 268 1604 lex
282 1540 404 1623 populis
419 1561 457 1603 cx
472 1561 552 1622 quo,
573 1541 740 1625 Faunine,
761 1540 869 1609 reusta
883 1556 933 1610 est

168 1627 273 1708 Atque
288 1628 408 1688 intrare
424 1625 532 1687 domos
546 1627 629 1687 iussa
644 1628 798 1691 Pudicitia
813 1639 877 1712 est,

124 1709 189 1770 Aut
207 1712 323 1790 miuus,
346 1718 398 1771 aut
412 1717 499 1772 certe
514 1729 577 1769 uon
591 1711 659 1791 plus
677 1715 834 1776 tricesima
849 1713 903 1778 lux
916 1724 980 1798 est,

167 1794 210 1855 Et
226 1796 315 1855 nubit
329 1793 448 1855 decimo
465 1796 526 1855 iam
540 1792 693 1858 Telesilla
707 1799 783 1863 viro.

101 1878 214 1955 oquae
229 1880 319 1941 nubit
332 1880 465 1958 totiens,
486 1898 547 1939 nou
561 1881 665 1940 nubit:
687 1881 830 1946 adultera
842 1882 915 1966 loge
931 1891 990 1951 est.

168 1961 322 2024 Offendor
330 1964 465 2063 'moecha
478 1961 668 2043 simpliciore
681 1967 790 2031 miuus.

523 2097 601 2163 Vlll.

123 2209 301 2270 Praecoues
316 2206 395 2288 duo,
417 2215 563 2289 quattuor
578 2211 713 2289 tribuni,

124 2293 253 2374 Septem
267 2291 429 2371 causidici,
452 2290 561 2353 decem
575 2299 687 2372 poetae

123 2376 291 2438 Cuiusdam
306 2375 397 2436 modo
411 2377 535 2456 nuptias
550 2379 701 2458 petebant

120 2462 150 2521 A
165 2459 296 2540 quodam
310 2478 396 2522 sene.
424 2460 493 2520 Nou
508 2467 644 2522 moratus
659 2461 716 2523 ille

98 2545 276 2608 5Prsccoui
291 2544 380 2605 dedit
392 2543 512 2624 Eulogo
526 2545 672 2625 puellam.

120 2630 195 2709 Dic,
217 2627 366 2710 numquid
381 2629 482 2709 fatue,
499 2629 639 2709 Severe,
659 2630 759 2692 fecit?

535 2763 588 2827 IX.

119 2876 156 2936 Iu
170 2876 358 2958 Pompeiano
374 2874 507 2956 dormis,
528 2876 680 2954 Laeviue,
700 2875 842 2936 theatro:

161 2960 204 3020 Et
223 2961 382 3040 quereris,
404 2962 478 3021 site
494 2962 623 3021 suscitat
638 2958 801 3021 Oceanusi

539 3096 577 3158 X.

118 3206 221 3266 Pauca
235 3206 337 3267 lovem
355 3225 456 3288 nuper
471 3228 538 3269 cum
554 3208 638 3269 milia
652 3207 737 3268 forte
750 3210 908 3287 rogarem,

162 3288 239 3369 „Ille
256 3290 362 3354 dabit“
379 3291 456 3352 dixit
471 3295 547 3371 „qui
561 3293 636 3352 mihi
650 3291 765 3371 templa
781 3289 901 3354 dedit.“

118 3372 252 3455 Templa
270 3376 394 3455 quidem
410 3375 498 3439 dedit
511 3376 567 3437 ille
581 3377 660 3454 lovi,
683 3375 740 3435 sed
755 3373 839 3435 milia
853 3376 942 3438 nobis

117 3456 255 3604 ΜΝιιΙΙιι
270 3459 373 3523 dedit:
393 3460 508 3543 pudet,
528 3463 584 3540 air,
604 3479 702 3542 pauca
716 3478 846 3542 rogasse
859 3460 979 3522 iorem.

157 3561 228 3605 soa.
