2370 3924
326 233 667 297 EPIGRAMMATON
680 234 757 295 LIB.
771 236 849 301 Vlll.
1045 235 1106 304 181

537 435 634 499 XXV.

147 550 266 616 Vidisti
280 547 393 627 semel,
416 548 573 630 oppiano,
595 554 716 610 tantum

149 638 288 715 Aegrum
303 651 352 693 me
367 631 461 694 malet
483 651 576 713 saepe
592 640 624 693 te
638 633 760 694 videbo.

538 766 646 830 XXVI.

146 883 218 945 Non
231 887 280 943 tot
292 881 325 941 in
340 880 415 942 Eois
431 881 533 941 timuit
546 881 734 961 Gangeticus
750 885 830 944 arvis

192 967 327 1046 Raptor,
349 966 383 1025 ln
397 964 543 1044 Hyrcano
558 967 611 1045 qui
623 967 704 1044 fugit
718 966 804 1027 albus
820 985 915 1047 equo,

147 1051 232 1128 Quot
246 1056 299 1109 tua
311 1049 408 1110 Roma
421 1067 515 1108 novas
529 1049 623 1128 vidit,
645 1051 845 1130 Germanice,
866 1053 979 1130 tigres:

187 1130 324 1194 Delicias
337 1133 440 1214 potuit
454 1150 512 1192 nec
525 1151 688 1194 numerare
702 1155 780 1195 suas.

118 1218 254 1282 6Vincit
266 1217 458 1296 Erythraeos
472 1223 539 1294 tua,
558 1218 688 1296 Caesar,
710 1221 827 1279 harena
839 1220 1012 1300 triumphos

190 1301 232 1362 Et
247 1301 377 1362 victoris
390 1319 467 1381 opes
482 1299 665 1381 divitiasque
683 1301 743 1366 dci.

147 1385 227 1446 Nam
242 1403 310 1445 oum
326 1386 461 1465 captivos
477 1391 584 1463 ageret
600 1386 655 1445 sub
671 1387 812 1450 curribus
826 1385 935 1462 Indos,

192 1470 364 1531 Contentus
379 1469 499 1548 gemina
513 1467 629 1547 tigride
643 1470 781 1531 bacchus
795 1475 872 1530 erat.

526 1602 648 1665 XXVII.

146 1714 283 1777 Munera
298 1713 350 1793 qui
365 1714 423 1774 tibi
438 1711 491 1774 dat
503 1711 669 1795 locupleti,
692 1717 811 1792 (ianne,
834 1716 981 1794 senique,

191 1797 226 1860 Si
242 1799 323 1878 sapis
338 1803 371 1858 et
385 1799 499 1878 sentis,
519 1799 580 1859 hoc
595 1801 654 1860 tibi
669 1801 712 1860 ait
724 1800 907 1879 „Morere.“

518 1947 654 2010 XXVIII.

147 2061 223 2139 llic,
245 2067 333 2140 toga,
353 2058 479 2120 facundi
493 2068 612 2139 gratum
628 2059 703 2119 mihi
717 2078 825 2119 munus
842 2062 948 2139 amici,

189 2145 269 2206 Esse
282 2143 359 2204 velis
374 2145 460 2204 cuius
474 2145 553 2204 fama
568 2143 725 2222 decusque
740 2144 867 2221 gregis?

147 2227 272 2309 Appula
283 2224 399 2288 Ledaei
415 2229 473 2288 tibi
488 2229 595 2287 floruit
609 2228 707 2287 herba
720 2225 903 2303 Phalanthi,

193 2313 259 2389 Qua
273 2318 391 2374 saturat
405 2310 544 2374 calabris
562 2309 644 2371 culta
660 2307 810 2370 Galaesus
827 2311 935 2390 aquis?

120 2396 200 2460 bdn
215 2396 429 2456 Tartessiacus
447 2393 559 2455 stabuli
573 2394 709 2454 nutritor
723 2394 836 2454 Hiberi

192 2479 297 2541 Baetis
310 2481 343 2539 in
357 2479 511 2560 Hesperia
525 2485 557 2539 te
574 2497 696 2558 quoque
710 2477 787 2539 lavit
803 2479 882 2538 ove?

146 2563 198 2624 An
211 2571 263 2625 tua
278 2562 460 2624 multifidum
476 2565 648 2623 numeravit
660 2562 731 2623 lana
746 2562 921 2639 Timavum,

193 2648 291 2724 Quem
305 2649 375 2728 pius
390 2648 535 2708 astrifero
551 2646 696 2727 Cyllarus
711 2664 766 2706 ore
781 2647 883 2708 bibit?

150 2730 199 2792 Te
212 2749 271 2792 nec
284 2730 452 2810 Ammlaeo
468 2731 573 2791 decuit
586 2730 684 2790 livere
698 2747 834 2806 veneno,

99 2827 140 2881 lo
189 2815 255 2876 Nec
269 2814 397 2876 Miletos
411 2821 479 2875 crat
492 2812 613 2873 vellere
628 2812 720 2890 digna
734 2820 798 2872 tuo.

147 2897 229 2960 Lilia
243 2906 278 2959 tu
293 2901 391 2961 vincis
404 2917 464 2959 nec
478 2897 577 2958 adhuc
592 2894 719 2976 delapsa
733 2894 880 2974 ligustra,

190 2984 232 3044 Et
246 2982 412 3044 Tiburtino
428 2989 532 3043 monte
549 2980 631 3062 quod
642 2979 726 3042 albet
740 2981 827 3041 ebur.

148 3066 318 3148 Spartanus
332 3069 391 3128 tibi
405 3064 497 3128 cedet
512 3065 580 3126 olor
594 3066 791 3146 Paphiaeque
805 3060 981 3141 columbae,

192 3150 296 3213 cedet
308 3152 492 3231 Erythraeis
507 3156 596 3210 eruta
611 3168 730 3228 gemma
742 3148 837 3210 vadis.

100 3244 137 3300 1⁵
147 3233 212 3296 Sed
226 3233 305 3295 licet
316 3236 394 3296 haec
408 3236 516 3315 primis
530 3235 651 3295 nivibus
666 3231 730 3295 sint
744 3230 862 3293 aemula
876 3230 973 3310 dona,

190 3318 261 3379 Non
275 3325 348 3379 sunt
359 3320 528 3380 Parthenio
545 3316 723 3378 candidiora
738 3336 802 3379 suo.

145 3402 218 3464 Non
231 3421 289 3482 ego
305 3401 507 3483 praetulerim
520 3399 696 3481 Babylonos
710 3402 793 3480 picta
808 3399 960 3479 superbae

190 3486 307 3565 Texta,
329 3487 509 3549 Semiramia
525 3503 602 3563 quae
616 3486 773 3545 variantur
789 3503 858 3557 acu;
