2370 3924
304 207 312 226 ⁸
328 202 667 264 EPIGRAMMATON
682 203 757 263 liu.
771 204 835 266 XII.
1044 207 1107 272 289

144 353 237 435 Quod
249 374 312 416 non
326 376 343 415 a
356 356 456 436 prima
471 354 641 415 discurram
654 353 727 416 luce
742 374 801 436 per
814 358 924 417 urbem

187 441 229 501 llt
242 439 378 501 referam
389 437 488 499 lassus
502 440 587 499 basia
602 439 686 500 mille
702 439 833 502 domum.

120 522 212 587 bsed
227 530 261 584 tn
275 527 441 605 purpurels
455 529 490 583 ut
505 522 561 583 des
575 543 653 584 nova
665 526 789 584 nomina
804 525 910 604 fastis,

188 608 252 668 Aut
265 606 435 668 Nomadum
449 613 558 687 gentes
574 608 827 689 Cappadocumve
841 627 947 689 regasr

145 691 191 752 At
202 692 294 770 mibi,
316 711 407 771 quem
420 693 504 770 cogis
518 690 638 752 medios
653 694 839 772 obrumpere
855 713 978 754 somnos

186 776 229 835 ut
243 778 425 836 matutinum
439 775 525 836 ferre
539 777 666 856 patique
680 774 796 855 lutum,

144 857 228 938 Quid
241 860 382 940 petituri
409 860 511 943 Rupta
526 879 594 921 eum
607 880 664 940 pes
678 880 770 940 vagus
786 862 850 920 exit
865 857 948 921 aluta

104 954 141 1007 10
189 943 232 1005 Εἰ
246 945 366 1004 subitus
383 962 504 1004 crassae
520 942 638 1005 decidit
654 946 755 1005 imber
770 964 884 1025 aquae,

143 1026 211 1088 Neo
224 1028 310 1087 venit
327 1025 438 1087 ablatis
452 1025 600 1087 clamatus
614 1046 709 1088 verna
723 1027 878 1107 lacernis,

187 1110 319 1172 Accedit
334 1110 465 1190 gelidam
481 1130 587 1171 servus
602 1111 641 1172 ad
657 1109 840 1190 auriculam,

142 1195 186 1258 Iit
199 1194 320 1275 „Rogat
334 1201 368 1255 ut
382 1213 486 1255 seeum
501 1213 594 1255 eones
611 1195 796 1255 Laetorius“
811 1197 921 1274 inquit.

185 1279 305 1358 Viginti
319 1278 474 1339 nummis?
494 1298 557 1339 non
571 1297 644 1358 ego:
665 1277 744 1340 malo
760 1280 888 1358 famem,

99 1373 134 1426 15
144 1363 241 1440 Quam
256 1363 298 1423 sit
311 1381 388 1424 aena
403 1363 494 1440 mibi,
515 1363 573 1422 tibi
588 1364 629 1423 sit
641 1364 799 1444 provincia
812 1379 949 1441 meroes,

184 1447 226 1506 llt
239 1445 386 1507 faciamus
401 1446 501 1525 idem,
522 1465 582 1507 neo
595 1465 770 1508 mereamur
784 1446 877 1507 idem.

519 1580 642 1644 XXVII.

141 1696 171 1757 A
184 1693 357 1756 latronibus
372 1714 442 1755 esse
458 1701 490 1756 te
507 1696 639 1756 fututam

141 1780 245 1860 Dicis,
267 1779 394 1840 Saenia:
416 1778 472 1839 sed
487 1785 601 1858 negant
614 1778 762 1843 latrones.

516 1913 652 1977 XXVlll.

140 2023 222 2084 Poto
236 2041 294 2103 ego
309 2027 482 2103 tremente,
503 2031 538 2086 tu
549 2032 655 2106 potas,
677 2027 793 2104 Cinna,
815 2023 968 2106 deunees,

182 2107 225 2168 llt
240 2108 381 2187 quereris
397 2106 480 2186 quod
492 2128 571 2187 non,
594 2110 707 2187 cinna,
729 2111 867 2170 bibamus
880 2109 987 2171 idem?

529 2241 637 2304 xxm

142 2351 358 2431 Hermogenes
373 2358 477 2414 tantus
489 2372 682 2435 mapparum,
702 2352 878 2432 †Pontice,
899 2355 951 2416 fur
964 2360 1030 2441 est,

186 2435 325 2512 Quantus
339 2456 530 2498 nummorum
543 2439 609 2516 vix,
629 2443 722 2518 puto,
744 2438 848 2498 Massa
860 2439 930 2499 fult.

143 2518 194 2579 Tu
207 2518 284 2580 lieet
299 2522 444 2581 observes
460 2521 597 2582 dextram
613 2528 783 2600 teneasque
798 2524 969 2602 sinistram,

183 2603 339 2682 Inveniet,
360 2624 499 2686 mappam
516 2626 575 2685 qua
590 2607 711 2666 ratione
725 2607 837 2667 trabat.

118 2686 298 2749 50ervinus
313 2687 449 2767 gelidum
463 2691 570 2749 sorbet
584 2691 629 2749 sio
643 2687 757 2749 balitus
772 2708 920 2768 anguem,

167 2778 168 2782 ’
184 2771 316 2832 Casuras
331 2771 393 2832 alte
409 2774 454 2833 sie
470 2773 552 2852 rapit
565 2772 622 2831 lris
638 2791 741 2850 aquas.

141 2854 250 2934 Nuper
264 2876 333 2916 oum
347 2857 474 2936 Myrino
486 2861 650 2936 peteretur
664 2856 769 2915 missio
782 2854 884 2934 laeso,

186 2938 339 3000 Subduxit
352 2960 476 3021 mappas
493 2946 637 3018 quattuor
651 2939 875 3018 Hermogenes.

144 3022 302 3083 Cretatam
317 3030 445 3106 praetor
461 3044 529 3084 oum
542 3022 639 3085 vellet
653 3025 779 3083 mittere
793 3042 950 3103 mappam,

99 3117 137 3168 10
183 3106 328 3168 Praetori
345 3128 484 3188 mappam
501 3111 622 3189 surpuit
635 3109 859 3187 Hermogenes.

142 3190 301 3251 Attulerat
315 3212 454 3273 mappam
468 3212 575 3271 nemo,
597 3192 668 3252 dum
681 3192 765 3251 furta
779 3193 943 3252 timentur:

184 3274 317 3336 Mantile
333 3294 350 3335 e
365 3295 469 3335 mensa
484 3277 604 3358 surpuit
617 3276 840 3354 Hermogenes.

142 3355 212 3417 Hoe
229 3378 350 3438 quoque
369 3360 396 3419 si
408 3358 527 3439 deerit,
549 3356 668 3420 medios
684 3350 858 3439 discingere
873 3358 974 3421 lectos

186 3443 429 3524 Mensarumque
441 3444 540 3527 pedes
556 3463 618 3503 non
632 3443 721 3505 timet
736 3444 959 3522 Hermogenes.

143 3523 254 3590 Maur,
862 3526 908 3589 la
