2346 3938
113 252 177 318 370
395 249 521 311 INDEX
535 250 886 313 nrtuunntttnrott.

112 404 181 466 Quid
197 405 229 455 de
241 410 281 463 te,
298 403 375 466 Line,
390 405 533 470 suspicetur
549 418 614 454 uxor
635 438 985 456 ...........
1068 409 1098 468 ΙΙ,
1117 411 1155 460 54.

113 475 181 534 Quid
198 473 276 522 reatu
291 471 344 523 vutt
359 473 424 524 scire
442 473 530 539 Lyris:
548 473 617 536 quod
635 472 733 523 sobria:
752 472 845 523 fellat.
873 509 880 523 .
908 510 916 523 .
944 512 951 525 .
978 511 986 525 .
1067 477 1097 538 ll,
1115 478 1155 531 73.

113 543 180 604 Quid
195 541 272 591 faciet
287 540 372 592 nullos
386 542 428 591 bic
443 543 575 592 inventura
591 541 699 606 capillos
731 577 986 594 ........
1028 545 1096 606 XIV,
1114 547 1152 602 25,

114 611 180 671 Quid
195 610 291 660 lactum
310 617 362 670 est,
380 625 459 676 rogo,
477 609 539 673 qnid
554 617 657 675 repente
671 608 766 661 iactum
802 646 810 660 .
838 647 845 659 .
873 648 879 660 .
907 647 915 661 .
943 650 949 661 .
977 650 985 662 .

114 680 180 741 Quid
194 693 236 728 me
254 687 411 744 compactam
429 681 494 729 ceris
512 686 537 728 et
551 678 695 729 harundine
712 679 799 729 ridesi
837 716 844 729 .
872 716 879 729 .
906 715 914 730 .
942 719 949 731 .
977 718 985 731 .

113 748 180 809 Quid
197 761 252 806 me,
268 747 347 808 Thai,
366 763 452 798 senem
470 747 577 797 subinde
595 748 705 798 dicisi.
732 783 739 798 .
766 785 774 799 .
802 785 808 798 .
838 786 844 798 .
873 784 880 798 .
942 787 949 800 .
976 787 984 800 .

113 817 180 878 Quid
197 831 296 866 mecum
312 825 350 866 est
366 817 431 866 tibil
465 816 506 865 Me
524 815 610 880 puella
628 824 711 866 sumat
730 852 983 869 ........

113 886 180 946 Quid
196 884 362 934 mihireddat
378 899 440 950 ager
455 885 571 947 quaeris,
588 886 665 944 Line,
681 884 871 936 Nomentanus?
906 921 913 934 .
941 925 947 938 .
976 924 983 936 .

113 954 179 1014 Quld
194 953 256 1003 mihi
270 953 402 1004 vobiscum
420 961 470 1010 est,
489 953 621 1005 oPhoebe
638 968 780 1018 novemque
796 957 918 1005 sorores?
940 993 947 1006 .
969 968 983 1005 ·.

113 1023 180 1083 Quid
195 1029 281 1071 namet
294 1031 339 1070 tus
353 1021 477 1071 moecha?
512 1021 568 1071 Non
586 1023 699 1088 puellam
734 1058 983 1074 ........

112 1091 179 1153 Quid
196 1090 285 1150 nobis,
303 1091 401 1152 inquis,
418 1106 475 1139 cnm
490 1089 618 1156 epistola⁹
608 1127 983 1143 ............
1022 1096 1053 1156 ΙΙ,

113 1160 181 1221 Quid
194 1174 245 1209 non
260 1161 330 1226 cogit
346 1160 435 1209 smor’
453 1161 534 1209 secuit
550 1160 650 1210 nolente
669 1160 844 1226 capillos.
975 1199 982 1211 .

112 1228 180 1290 Quid
197 1243 247 1279 nun
260 1243 338 1279 saeva
355 1227 425 1293 hugis
436 1227 533 1293 placidi
551 1228 625 1294 lepus
644 1244 688 1281 ora
705 1228 805 1280 leonisl
834 1266 841 1279 .
939 1268 946 1282 .
975 1267 982 1280 .

111 1298 179 1359 Quid
192 1305 298 1364 pereunt
311 1296 389 1347 stulto
404 1296 481 1347 lones
499 1297 595 1347 haltere
608 1297 714 1348 lacerti?
732 1333 981 1350 ........

111 1367 179 1428 Quid
194 1366 360 1433 promittebas
377 1366 442 1415 mihi
460 1366 546 1427 milia,
563 1365 659 1428 Gauro,
676 1368 807 1418 ducenta.
832 1403 839 1417 .
868 1403 875 1416 .
903 1402 911 1415 ·
938 1404 945 1419 .
974 1405 982 1419 .

111 1436 178 1497 Quid
192 1437 343 1485 recitaturus
358 1434 500 1486 circumdas
518 1434 613 1486 vellera
630 1434 712 1486 cottot
730 1471 981 1488 ........

111 1503 870 1634 ’.ΙΙΙΙΙΙ’.ΙΙΙΙΙ..ΙΙΙΙΙΙΙΙΙΙἸΞΙΙθιΙίθτιί
903 1539 945 1557 ··
974 1542 981 1556 ·
1041 1578 1065 1627 x
1093 1579 1104 1628 1

182 1609 192 1633 a
288 1609 295 1632 a
734 1608 1073 1636 ·········

112 1641 179 1702 Quid
196 1649 235 1700 te,
252 1641 349 1702 Tucca,
367 1643 438 1692 iuvat
452 1641 536 1693 vetulo
551 1643 659 1692 miscere
672 1642 780 1693 Falerno
867 1678 874 1692 .
902 1678 910 1691 ·
937 1681 944 1695 .
973 1680 981 1694 .

111 1710 178 1771 Quid
190 1709 236 1759 tibi
251 1711 384 1761 nobiscum
401 1718 453 1772 est,
472 1709 527 1760 ludi
543 1710 664 1761 scelerate
683 1714 839 1778 magister.

110 1778 264 1839 Quidvellis
280 1779 417 1840 vetulum,
427 1780 518 1846 ngIa,
535 1781 665 1828 cunnum⁹
656 1815 980 1833 ..........
1054 1782 1143 1843 X,

111 1849 220 1908 Quidam
239 1862 279 1898 me
295 1849 384 1909 modo,
400 1815 483 1910 liure,
502 1847 638 1914 diligenter
659 1845 690 1899 .’
693 1885 980 1902 .........
1042 1853 1084 1913 VI,
1104 1851 1143 1903 82.

110 1915 240 1981 Quidquid
255 1917 308 1982 agit
323 1917 417 1976 Rufus,
436 1916 500 1966 nihil
518 1925 556 1966 est
573 1918 624 1966 nisi
639 1917 736 1969 Naevia
752 1917 873 1968 nuto..
1066 1922 1086 1981 I,
1102 1921 1143 1973 68.

110 1986 259 2048 Quidquid
253 2000 278 2033 tn
296 1982 396 2050 Orpheo
412 1985 535 2050 Rhodope
550 1993 679 2050 spectasse
694 1987 791 2037 theatro
831 2023 838 2035 .
866 2024 872 2037 .
902 2022 909 2035 .
936 2025 943 2038 .
973 2025 980 2038 .
1036 1988 1086 2051 Ep.
1102 1991 1142 2040 21.

109 2053 238 2115 Quidquid
256 2053 388 2103 Parrhasia
403 2055 498 2104 nitebat
515 2054 573 2104 aula
588 2091 979 2108 ............
1035 2056 1092 2118 XII,
1106 2060 1141 2112 15,

109 2121 238 2186 Quidquid
252 2123 355 2187 ponitur
371 2122 430 2173 hinc
445 2131 470 2172 et
487 2124 545 2173 inde
564 2126 645 2173 verris
658 2160 979 2176 ..........
1060 2128 1091 2186 ΙΙ,
1106 2126 1142 2181 37.

109 2192 225 2254 Quinque
244 2194 306 2242 satis
324 2192 435 2244 inerant:
452 2208 510 2241 narn
523 2207 568 2242 sex
588 2201 717 2256 septemve
734 2193 837 2244 libelli.
865 2231 871 2242 .
901 2230 908 2243 .
1045 2197 1110 2254 VIII,
1123 2196 1142 2247 3.

109 2262 200 2321 Quinte
219 2261 370 2311 CaledonIos
388 2261 462 2312 Ovidi
479 2263 565 2311 visure
579 2261 732 2313 Britannos.
761 2299 767 2310 .
795 2299 801 2313 .
822 2312 829 2323 ,
830 2298 977 2314 .....
1061 2263 1093 2323 X,
1106 2266 1142 2314 44.

110 2331 281 2391 Quintiliane,
299 2345 381 2395 vagae
397 2331 539 2380 moderator
556 2346 653 2380 summe
669 2333 805 2383 iuventae.
833 2367 840 2379 .
866 2369 872 2381 .
901 2367 907 2379 .
935 2369 941 2382 .
969 2366 977 2381 .
1058 2335 1089 2394 Il,
1106 2333 1142 2384 90.

108 2399 228 2458 Quintum
243 2413 288 2462 pro
304 2400 422 2456 Decimo,
436 2414 481 2463 pro
500 2397 603 2460 Crasso,
617 2399 728 2464 Regulo,
746 2401 856 2450 Macrum
900 2436 906 2449 .
934 2437 941 2452 .
969 2435 977 2451 .
1053 2403 1087 2462 V,
1107 2404 1142 2452 21.

108 2467 215 2526 Quintus
233 2474 376 2515 nostrorum
394 2468 457 2516 liber
470 2475 522 2526 est,
541 2468 669 2532 Auguste,
684 2470 797 2518 iocorum
828 2505 835 2518 .
865 2506 872 2519 .
900 2505 907 2519 .
934 2507 940 2520 .
969 2504 976 2519 .
1053 2473 1085 2528 V,
1106 2472 1143 2522 15.

108 2534 170 2594 Quis
184 2535 256 2584 labor
272 2536 299 2582 in
316 2534 418 2598 phiala?
435 2536 503 2585 docti
519 2537 590 2600 Myos
609 2551 674 2587 anne
691 2537 827 2603 Myronos?
869 2575 875 2586 .
900 2575 906 2586 .
933 2576 940 2589 .
969 2574 976 2588 .
1016 2539 1086 2600 VIII,
1105 2542 1142 2592 51.

108 2603 170 2661 Quis
185 2603 313 2653 Palatiuos
328 2605 442 2653 imitatur
459 2604 570 2669 imagine
585 2604 670 2655 voltus
698 2641 705 2654 .
730 2643 737 2654 .
762 2643 768 2654 .
795 2642 801 2654 .
829 2643 836 2655 .
865 2643 871 2656 .
900 2644 906 2655 .
933 2641 941 2657 .
967 2641 975 2656 .
1045 2607 1090 2668 IX,
1106 2610 1143 2658 24.

107 2673 171 2731 Quis
185 2688 249 2737 puer
266 2673 307 2722 hic
324 2674 413 2723 nitidis
431 2674 531 2723 absistit
550 2674 677 2724 Ianthidos
693 2675 768 2724 undis
796 2711 803 2724 .
830 2712 837 2724 .
865 2712 872 2725 .
900 2713 906 2723 .
933 2713 940 2726 .
968 2712 976 2726 .
1031 2677 1087 2736 VII,
1105 2677 1143 2728 15.

108 2741 184 2802 Quis,
200 2757 278 2808 rogo,
297 2749 348 2791 tam
364 2743 455 2802 durus,
473 2743 530 2806 quis
548 2750 600 2792 tam
616 2743 665 2792 fuit
682 2743 725 2794 ille
742 2745 867 2809 superbus
900 2781 906 2794 .
933 2782 940 2794 .
968 2781 974 2794 .
1057 2745 1090 2805 X,
1105 2744 1143 2795 66.

109 2810 170 2868 Quis
184 2818 209 2860 te
225 2811 344 2860 Phidiaco
364 2812 512 2870 formatam,
528 2811 606 2870 Iulia,
627 2811 697 2862 caelo
726 2848 975 2865 ........
1045 2815 1089 2870 VI,
1106 2811 1143 2863 13.

108 2880 171 2938 Quis
187 2880 234 2928 tibi
251 2881 377 2944 persuasit
392 2896 466 2930 nares
482 2879 611 2930 abscidere
625 2881 748 2932 moecho?
761 2917 975 2932 .......
1045 2883 1086 2940 ΠΙ,
1105 2883 1144 2932 85.

108 2948 228 3011 Quisquis
245 2949 390 2998 Flaminiam
404 2951 478 3008 teris,
499 2951 579 2998 viator
590 2985 975 3002 ............
1039 2950 1083 3009 XI,
1104 2949 1143 3003 13.

108 3017 227 3078 Quisquis
246 3016 310 3066 laeta
325 3020 376 3067 tuis
393 3027 417 3067 et
435 3033 490 3068 sera
505 3020 651 3082 parentibus
670 3026 743 3084 optas
761 3054 975 3070 .......
1050 3020 1084 3078 X,
1104 3019 1144 3069 71.

108 3084 228 3147 Quisquis
247 3086 358 3137 stolaeve
377 3101 536 3152 purpuraeve
549 3094 705 3152 contemptor
726 3123 975 3140 ........
1069 3087 1103 3148 X,
1122 3089 1145 3138 5.

107 3153 162 3212 Quo
177 3155 261 3218 possit
274 3154 328 3204 fleri
348 3157 436 3216 modo,
456 3154 548 3206 Severe
588 3192 975 3208 ............
1028 3157 1085 3217 Vll,
1105 3156 1146 3208 34.

108 3223 162 3282 Quo
181 3232 222 3281 tu,
240 3238 305 3285 quo,
321 3224 385 3275 liber
403 3226 497 3289 otiose,
513 3224 597 3274 tendis
620 3261 975 3277 ...........
1063 3225 1107 3287 XI,
1125 3228 1146 3276 l.

108 3291 163 3349 Quo
181 3291 221 3341 vis
236 3306 334 3354 cunque
352 3293 407 3343 loeo
423 3302 495 3357 potes
513 3292 581 3342 hunc
595 3294 667 3344 linire
684 3294 834 3345 libellum.
898 3331 905 3345 .
933 3331 940 3346 .
967 3329 975 3344 .
997 3293 1068 3354 XIV,
1088 3297 1146 3353 l,a.

109 3361 181 3418 Quod
198 3359 274 3423 alpha
291 3361 358 3421 dixi,
378 3361 473 3418 Corde,
489 3362 681 3428 paenulatorum
691 3398 975 3414 .........
1050 3365 1084 3424 V,
1105 3365 1147 3417 26.

107 3429 181 3488 Quod
199 3429 317 3479 Caietano
335 3430 436 3498 reddis,
452 3431 496 3481 Pol
498 3432 631 3496 ycharme,
648 3432 753 3483 tabellas
793 3470 800 3484 .
828 3468 836 3482 .
864 3469 871 3482 .
968 3430 1084 3493 .,VlII
1105 3432 1147 3483 37.

107 3497 180 3555 Quod
195 3496 289 3548 clamas
307 3512 422 3563 semper,
442 3501 510 3562 quod
529 3502 661 3566 agentibus
677 3503 815 3568 obstrepis,
831 3502 940 3552 Aett
1060 3501 1081 3561 Ι,
1101 3501 1146 3552 95.

1025 615 1098 1077 Ξ,εμΞΌΞΞὌ<

1111 617 1153 1078 ἱξὲῧῖἒὲἓΞΞ-ῗὲὲ

1061 1111 1133 1293 ,Γῆς-ἓ

1130 1098 1147 1160 ἢ

1024 1301 1048 1350 >e

1050 1303 1085 1350 Ξ

1105 1135 1150 1838 Ξξὲῗοὲἓὲῗέεῗξᾶ.

1056 1511 1089 1569 5³
1046 1371 1088 1489 ἔμε

1044 1715 1055 1764 n·—

1056 1647 1089 1774 fir«
