2370 3924
321 225 662 287 EPIGRAMMATON
675 227 749 288 LIB.
765 226 815 287 Xl.
1025 225 1088 291 271

128 381 171 442 Et
185 378 246 438 uisi
257 375 375 436 iuratus
391 375 453 438 diri
468 377 609 456 „dabo,“
625 379 780 438 subtrahis
794 377 881 456 illas,

170 462 362 523 Permittunt
374 461 406 519 iu
421 480 470 521 mc
486 480 564 541 quaa
578 462 636 521 tibi
650 461 762 539 multa,
783 469 880 522 nater.

105 544 215 625 sQuid
228 547 256 605 si
270 563 319 605 me
335 550 461 623 tonsor,
483 565 550 605 cum
566 546 674 605 stricta
687 547 833 607 novacula
847 565 939 626 supra
954 553 1019 624 est,

172 631 261 691 Tunc
274 627 454 689 libertatem
468 627 652 708 divitiasque
665 630 778 708 rogati

127 716 327 787 Promittam;
348 730 452 792 neque
465 715 549 782 enim
563 719 654 791 rogat
666 710 722 774 illo
736 719 878 795 tempore
893 719 1018 788 tonsor,

170 799 264 859 Latro
280 802 385 875 rogat;
407 815 459 857 res
475 801 525 858 est
537 799 705 876 imperiosa
719 799 820 858 timor.

128 882 192 943 Sed
205 882 303 942 fuerit
318 900 411 941 curva
426 900 494 942 cum
508 887 574 942 tuta
586 881 733 943 nouacula
746 883 853 960 theca,

84 979 120 1031 lo
168 966 321 1044 Frangam
335 967 455 1026 tonsori
471 985 562 1027 crura
575 985 744 1045 manusque
760 967 858 1027 simul.

127 1052 171 1110 At
183 1051 242 1111 tibi
256 1049 302 1108 nil
316 1048 444 1127 faciam,
465 1048 521 1110 sed
535 1050 600 1110 lota
613 1051 749 1111 mentula
762 1048 849 1111 laeva

169 1126 346 1206 Λαικάζειν
361 1131 490 1213 cupidae
506 1133 589 1193 dicet
605 1135 760 1195 avaritiae.

531 1265 609 1328 LIX.

127 1380 226 1440 Senos
245 1379 396 1441 Charinus
413 1380 552 1453 omnihus
567 1376 671 1457 digitis
687 1377 783 1456 gerit,

170 1465 235 1524 Nec
248 1468 341 1524 nocte
357 1463 446 1543 ponit
459 1461 582 1539 anulos,

126 1548 194 1609 Nec
209 1568 276 1608 oum
290 1547 429 1608 lavatur.·
450 1547 548 1607 Causa
563 1562 641 1624 quae
656 1545 712 1623 sit,
733 1544 902 1624 quaeritis?

172 1631 435 1711 Dactyliothecam
450 1630 629 1690 nonhabet.

529 1761 594 1824 LX.

128 1876 177 1935 Sit
190 1872 319 1952 Phlogis
331 1894 369 1933 au
384 1874 503 1935 Chione
516 1874 635 1939 Veneri
647 1874 742 1952 magis
757 1880 843 1954 apta,
862 1875 1020 1955 requiris?

170 1957 334 2018 Pulchrior
349 1963 398 2028 est
412 1959 548 2037 Chione,
570 1956 626 2019 sed
640 1957 767 2037 Phlogis
782 1956 870 2018 ulcus
884 1960 995 2036 habet,

126 2041 224 2116 [chus
238 2042 333 2102 habet
347 2041 461 2101 Priami
479 2041 561 2120 quod
575 2041 707 2103 tendere
720 2043 820 2123 possit
834 2040 947 2103 alutam

171 2125 322 2205 Quodque
339 2144 445 2186 senem
461 2125 569 2186 Pelian
581 2146 644 2186 non
660 2126 741 2186 sinat
757 2142 826 2185 esse
844 2143 967 2200 senem3

107 2209 228 2273 afflans
242 2210 337 2269 habet
353 2208 436 2289 quod
450 2210 567 2270 habere
582 2229 667 2270 suam
681 2207 746 2268 volt
761 2209 891 2287 quisque
905 2207 1060 2288 puellam,

171 2291 260 2370 Quod
276 2312 385 2353 sanare
400 2294 527 2371 Criton,
546 2313 607 2353 non
624 2289 707 2371 quod
721 2291 821 2369 Hygia
836 2297 949 2371 potest.

126 2380 170 2440 At
183 2379 304 2438 Chione
317 2397 380 2438 non
396 2378 492 2436 sentit
506 2396 582 2458 opus
596 2394 655 2435 nec
668 2374 793 2436 vocibus
807 2374 880 2435 ullis

170 2460 318 2536 Adiuvat3
341 2463 501 2522 absentem
515 2477 754 2521 marmoreamve
768 2464 868 2539 putes.
956 2469 958 2471 ’

127 2547 283 2625 Exorare,
305 2544 372 2622 dei,
395 2547 422 2606 si
440 2564 493 2606 vos
507 2552 569 2606 tam
583 2564 691 2623 magna
704 2542 819 2603 liceret

84 2643 118 2694 10
166 2633 208 2692 nt
225 2633 304 2690 bona
317 2628 442 2690 velletis
455 2635 517 2690 tam
529 2631 668 2710 pretiosa
683 2627 774 2705 dare,

128 2716 196 2776 Hoc
212 2712 294 2792 quod
309 2714 404 2774 habet
421 2714 541 2775 Chione
557 2731 668 2792 corpus
682 2711 829 2770 faceretis
842 2709 974 2767 haberet

169 2800 213 2859 Ut
225 2796 369 2877 Phlogis3
392 2804 425 2858 et
440 2797 560 2858 Chione
577 2794 659 2874 quod
673 2791 801 2871 Phlogis
815 2789 902 2851 olcus
915 2792 1023 2853 habet.

522 2929 601 2989 LXI.

126 3043 245 3122 Lingua
258 3043 401 3119 maritus,
424 3042 570 3101 moechus
586 3057 641 3100 ore
655 3038 829 3116 Nanneius,

128 3127 371 3188 Summoenianis
386 3127 575 3204 inquinatior
591 3124 713 3198 bucois;

127 3213 226 3287 Quem
240 3231 308 3270 cum
320 3211 460 3269 fenestra
474 3208 552 3270 vidit
566 3230 583 3268 a
598 3208 757 3267 Suburana

127 3296 270 3356 Obscena
284 3290 399 3354 nudum
416 3293 517 3371 Leda,
536 3294 687 3354 fornicem
703 3287 800 3349 cludit

104 3379 332 3459 5Mediumque
346 3377 458 3439 mavolt
473 3379 610 3454 basiare,
635 3394 722 3453 quam
738 3393 903 3448 summum

126 3464 225 3525 Modo
241 3465 294 3543 qui
309 3482 368 3546 per
384 3481 490 3524 omues
504 3463 657 3524 viscerum
671 3461 761 3519 tubos
776 3460 841 3518 ibat
