2370 3924
416 226 460 287 M.
477 225 567 287 VAL.
583 225 810 287 MARTIALIS

584 427 635 488 IX.

173 540 303 603 Solvere
320 538 502 601 dodrantem
517 559 617 620 nuper
632 540 705 617 tihi,
728 540 860 620 Quinte,
882 541 1014 606 volebat

215 626 331 706 Lippus
346 623 461 704 Hylas,
482 622 587 684 luscus
601 620 668 683 volt
682 621 756 683 dare
772 624 944 690 dimidium.

175 711 290 790 Accipe
306 710 545 788 quamprimum3
567 707 670 768 brevis
684 714 733 768 est
748 711 868 770 occasio
882 709 979 777 lueri.

216 793 249 853 Si
263 793 361 852 fuerit
375 810 501 869 caecus,
523 789 569 851 nil
583 792 641 851 tihi
656 789 757 852 solvet
769 791 877 871 Hylas.

588 925 627 987 X.

174 1038 259 1099 Emit
272 1037 413 1098 lacernas
427 1036 551 1098 milibus
568 1037 676 1098 decem
690 1039 801 1097 Bassus

175 1122 286 1202 Tyrias
304 1121 417 1182 coloris
432 1123 551 1202 optimi.
580 1121 760 1183 Lucriiecit.

175 1204 284 1284 „Adeo
299 1207 381 1266 benc
395 1207 513 1266 ιιιιιίῐὶιιι
535 1207 646 1284 inquis.
675 1206 768 1265 immo
782 1224 845 1266 non
859 1205 974 1272 solvet.
1062 1255 1068 1265 .

572 1337 635 1403 xi.

173 1455 358 1517 Pervenisse
377 1462 458 1516 tuam
473 1457 532 1515 iam
547 1462 580 1516 te
595 1456 654 1516 scit
666 1454 792 1514 Rhenus
807 1453 838 1513 in
854 1455 985 1530 urbem3

216 1539 292 1599 Nam
307 1538 415 1621 populi
428 1558 519 1600 voces
535 1539 620 1600 audit
634 1545 667 1599 et
680 1537 737 1598 ille
752 1538 807 1599 tui.

174 1624 357 1685 Sarmaticas
372 1625 464 1685 etiam
479 1630 588 1702 gentes
601 1624 805 1700 Histrumque
820 1621 984 1702 Getasque

214 1706 367 1769 Laetitiae
385 1708 499 1769 clamor
513 1708 628 1768 terruit
641 1709 708 1787 ipse
723 1722 830 1765 novoe.

153 1792 255 1851 5Dum
271 1798 303 1851 te
316 1792 408 1870 longa
424 1811 511 1852 sacro
527 1797 714 1852 venerantur
729 1787 838 1868 gaudia
849 1790 963 1867 Circo,

216 1876 312 1934 Nemo
330 1883 438 1954 quater
452 1877 560 1936 missos
576 1893 703 1936 currere
719 1875 817 1934 sensit
831 1891 939 1951 equos.

174 1956 298 2027 Nullum
312 1961 408 2019 Roma
423 1959 548 2038 ducem,
571 1979 629 2020 uec
644 1966 676 2019 te
691 1959 752 2035 sio,
774 1958 904 2035 Caesar,
921 1960 1057 2018 amavit:

216 2042 263 2102 Te
280 2063 400 2122 quoque
415 2045 474 2103 iam
492 2065 554 2104 non
568 2042 655 2125 plus,
677 2049 712 2104 ut
724 2040 802 2102 velit
814 2042 897 2122 ipsa,
917 2049 1042 2122 potest.

575 2195 638 2255 XII.

174 2307 309 2368 Uxorem
326 2326 421 2386 quare
437 2306 625 2388 locupletem
642 2305 757 2365 ducere
771 2303 883 2380 nolim,

97 2404 116 2473 ’,ᾗ
150 2404 155 2472 J
217 2392 393 2466 Quaeritis?
426 2393 523 2451 Uxori
536 2395 655 2452 nubere
672 2387 745 2447 nolo
760 2406 856 2449 meae.

110 2485 117 2501 '¹
176 2473 309 2533 inferior
323 2479 461 2533 matrona
476 2494 530 2534 suo
546 2477 602 2550 sit,
623 2474 748 2549 Prisce,
767 2473 892 2531 marito:

216 2557 284 2617 Non
298 2556 390 2617 aliter
402 2558 481 2618 fiunt
494 2558 608 2617 femina
622 2559 730 2634 virque
744 2574 845 2636 pares.

571 2692 649 2754 XIII.

174 2805 278 2866 Morio
295 2807 394 2869 dictus
410 2814 491 2868 erat:
508 2808 616 2886 viginti
631 2803 755 2865 milibus
769 2806 838 2865 emi.

217 2890 326 2951 Redde
341 2895 415 2952 mihi
431 2911 587 2967 nummos,
610 2889 801 2968 Gargiliane:
824 2889 912 2969 sapit.

570 3024 650 3085 XIV.

96 3160 100 3169 ·
176 3134 295 3196 Pallida
309 3157 349 3196 ne
364 3136 493 3199 Cilicum
510 3140 637 3198 timeant
651 3139 787 3218 pomaria
800 3139 940 3197 brumam

102 3250 108 3299 '.
218 3220 364 3281 Mordeat
380 3229 413 3281 et
427 3228 568 3282 tenerum
582 3223 694 3282 fortior
710 3242 783 3282 aura
797 3239 919 3297 nemus,

107 3350 111 3357 .
176 3303 324 3363 Hibernis
342 3307 463 3367 obiecta
479 3309 560 3367 notis
579 3305 751 3386 specularia
764 3323 858 3385 puros

111 3392 116 3459 ξ
220 3387 395 3451 Admittunt
408 3390 490 3452 soles
509 3399 541 3451 et
558 3394 625 3452 sine
639 3391 726 3450 faece
742 3390 792 3449 die

110 3468 116 3493 ³
151 3471 218 3531 adt
229 3473 304 3534 mihi
319 3473 398 3535 cella
413 3475 518 3554 datur,
529 3409 949 3551 nissffiffis‘addnestra,
