2370 3924
89 229 154 293 aaa
270 191 956 295 u.vaa.·uauuua1sua1eassa.xu1.

466 431 572 491 CXXI.
595 432 766 514 Pelignum.

175 541 311 604 Marsica
327 540 448 620 Peligni
463 540 589 601 mittunt
602 544 725 601 turbata
738 543 858 604 coloni:

218 627 287 686 Non
302 633 351 704 tu,
373 625 505 684 libertae
522 623 579 684 aed
593 627 679 685 bibat
690 624 746 686 illa
760 633 841 688 tuae.

469 757 588 817 cxxfl.
612 759 757 820 Acetum.

176 859 333 938 Amphora
347 856 457 917 Niliaci
472 874 535 915 non
554 857 596 915 ait
608 857 666 916 tibi
680 855 750 917 vilia
768 860 864 919 aceti:

216 943 310 1003 Esset
324 961 390 1002 aum
403 941 522 1016 vinum,
544 939 634 999 vilior
647 938 702 1000 illa
715 941 783 1001 fult.

415 1073 544 1134 CXlllll.
569 1072 811 1135 Massilitanum.

177 1175 254 1235 cum
268 1180 321 1233 tua
338 1178 486 1232 centenos
503 1178 659 1251 expunget
673 1170 813 1252 sportula
828 1175 929 1253 cives,

218 1259 333 1317 Fumea
347 1254 507 1316 Massiliae
521 1274 640 1334 ponere
655 1257 726 1315 vina
739 1263 838 1336 potes.

425 1388 557 1450 cxxiv.
584 1386 800 1450 Caeretanum.

177 1489 350 1549 Caeretana
364 1488 469 1568 Nepos
484 1492 594 1566 ponat,
612 1486 719 1545 Setina
733 1489 864 1566 putabis.

219 1572 287 1631 Non
302 1573 389 1651 ponit
404 1573 530 1647 turbae,
553 1589 620 1629 cum
635 1571 734 1630 tribua
748 1569 803 1630 ille
817 1574 907 1633 bibit.
1035 1571 1043 1578 ”

434 1703 554 1765 CXXV.
583 1699 797 1766 Truentinum.¹

178 1803 296 1864 Nobilis
312 1811 344 1861 et
358 1801 437 1862 lanis
453 1808 486 1861 et
502 1800 579 1860 felix
593 1802 706 1861 vitibus
723 1799 825 1861 Aulon

220 1888 281 1946 Det
294 1889 432 1966 pretiosa
446 1886 504 1944 tibi
519 1884 653 1961 vellera,
674 1887 743 1943 vina
757 1887 840 1945 mihi.

421 2018 554 2079 cxxvi.
586 2017 796 2100 Unguentum.

175 2116 372 2194 Unguentum
387 2115 497 2174 heredi
515 2136 668 2195 nunquam
683 2135 740 2176 nec
755 2119 824 2176 vina
839 2117 1014 2198 relinquas.

221 2200 278 2260 llle
294 2202 407 2260 habeat
422 2220 576 2277 nummos,
594 2203 670 2260 haec
686 2202 741 2259 tibi
757 2206 823 2259 tota
839 2201 922 2262 dato.

407 2334 554 2395 cxxvii.
580 2333 703 2394 Gerena
718 2354 817 2395 rosea.

175 2431 235 2488 Dat
249 2431 426 2508 festinatas,
450 2432 580 2510 Caesar,
598 2434 655 2491 tibi
670 2435 776 2492 bruma
794 2453 939 2494 coronas:

218 2514 261 2574 Ut
277 2512 428 2592 quondam
444 2516 543 2594 veria,
559 2535 639 2575 nunc
653 2522 701 2575 tua
718 2515 799 2576 facta
817 2537 889 2578 rosa
904 2532 967 2579 eat.

523 2780 579 2789 nn.-
582 2778 710 2790 ..ιρι-ι...
