2370 3924
314 216 653 279 EPIGRAMMATON
665 217 739 279 LIB.
758 218 824 281 VII.

82 378 118 430 15
129 367 196 428 Sed
210 365 303 448 plane
319 367 436 428 medias
453 374 542 428 vorat
554 368 681 447 puellas.

128 453 171 511 Di
186 457 322 511 montem
334 453 393 512 tibi
408 451 484 511 dent
497 459 596 529 tuam,
619 451 779 533 Philaeni,

130 536 273 598 Cunnum
291 534 413 614 liugero
430 554 507 613 quae
520 542 610 616 putas
626 535 726 598 virile.

505 668 637 731 LXVIII.

131 779 358 845 Commendare
373 801 472 861 meaa,
493 782 624 842 Instanti
638 784 735 862 Rufe,
758 785 906 846 Camenas

173 867 271 927 Parce
285 883 400 946 precor
414 884 539 926 socero:
560 869 642 926 seria
656 868 761 927 forsan
777 877 865 932 amat.

131 949 224 1027 Quod
238 951 265 1009 si
279 948 411 1010 lascivos
427 948 560 1010 admittit
574 958 607 1011 ct
622 948 679 1010 ille
694 950 837 1030 libellos,

172 1034 260 1094 Haec
275 1051 332 1113 ego
347 1030 398 1093 vel
413 1033 507 1093 Curio
522 1033 729 1112 Fabricioque
742 1034 853 1115 legam.

516 1167 621 1228 LXIX.

130 1281 218 1339 llaec
232 1283 282 1339 est
297 1275 354 1338 illa
367 1279 424 1338 tibi
439 1235 590 1359 promissa
604 1277 796 1357 Theophila,
816 1280 908 1357 Cani,

175 1363 269 1424 Cuius
286 1362 438 1442 Cecropia
450 1368 579 1442 pectora
592 1381 667 1422 voce
682 1361 815 1424 madent.

130 1448 219 1506 Hanc
234 1447 294 1506 sibi
307 1448 375 1506 iure
386 1451 474 1527 petat
488 1447 589 1524 magni
604 1447 687 1505 senis
702 1446 823 1506 Atticus
837 1447 962 1526 hortus,

173 1528 239 1590 Nec
253 1530 353 1590 miuus
368 1549 437 1590 csse
458 1549 543 1591 suam
557 1529 661 1589 Stoica
675 1531 765 1589 turba
778 1528 863 1592 velit.

111 1614 228 1677 5VIvet
243 1631 320 1696 opus
335 1613 540 1693 quodcunque
555 1632 613 1694 per
628 1614 684 1673 has
700 1613 841 1672 emiseris
855 1633 964 1691 auron

175 1695 253 1757 'I'am
267 1717 330 1757 non
344 1688 528 1775 femineum,
551 1715 610 1757 nec
624 1695 776 1777 populare
791 1699 879 1778 sapIt.

129 1779 159 1840 N
160 1799 200 1839 on
214 1786 267 1841 tua
280 1780 445 1842 Pantaenis
459 1783 585 1841 nimium
598 1799 633 1841 se
645 1782 804 1863 praeferat
817 1780 882 1861 illi,

173 1864 315 1940 Quamvis
327 1865 433 1925 Pierio
448 1867 490 1926 sit
502 1869 583 1927 bene
597 1870 671 1925 nota
684 1867 789 1926 choro.

130 1948 276 2008 Carmina
288 1949 457 2027 fingentem
472 1949 595 2029 Sappho
609 1946 745 2022 laudavit
759 1951 901 2012 amotrIxz

87 2026 123 2082 ยน0
172 2031 296 2093 Castior
309 2032 403 2112 haec,
424 2039 458 2093 ct
471 2053 533 2093 nou
548 2033 669 2094 doctior
684 2031 739 2093 illa
752 2034 820 2096 fuit.

526 2151 625 2214 LXX,

128 2260 267 2338 Ipsarum
282 2259 436 2321 tribadum
451 2263 566 2340 tribas,
587 2261 746 2342 Philaeni,

128 2342 244 2423 Recte,
268 2364 357 2422 quam
371 2346 483 2424 lutuia,
504 2365 594 2406 vocas
609 2347 742 2408 amicam.

516 2494 620 2556 LXXI.

128 2605 241 2664 Ficosa
256 2609 305 2664 cst
318 2623 411 2684 uxor,
432 2606 544 2667 ficosus
559 2608 674 2687 etipse
689 2609 833 2686 maritus,

171 2687 253 2747 Filia
266 2688 361 2747 ficosa
377 2695 426 2749 est
440 2696 473 2749 et
490 2697 693 2770 generatque
707 2709 819 2771 nepoS,

128 2770 407 2850 Nec-dispensator
422 2792 480 2833 nec
495 2772 605 2834 vilicus
619 2773 725 2834 ulcere
741 2775 840 2852 impl,

171 2854 238 2915 Nec
251 2854 369 2934 rigidus
384 2858 503 2935 fossor,
526 2856 582 2917 scd
596 2876 653 2917 nec
669 2863 772 2916 arator
787 2863 867 2934 eget.

103 2939 208 3001 50um
224 2940 287 2999 sint
301 2941 389 3000 licosi
403 2943 523 3022 parlter
537 2942 726 3020 iuvenesque
742 2958 912 3022 senesque,

170 3024 233 3083 Rea
249 3025 327 3084 mira
342 3031 405 3104 est,
426 3026 503 3086 ficos
516 3045 579 3085 non
592 3026 687 3086 habet
701 3045 779 3086 unus
795 3043 875 3103 ager.

504 3157 624 3221 LXXII.

129 3271 244 3331 Gratus
259 3273 304 3331 sic
319 3273 393 3350 tibi,
414 3268 529 3349 Paule,
551 3272 593 3331 sit
606 3272 796 3351 December,

125 3355 191 3415 Nec
206 3357 275 3416 vani
290 3354 432 3436 triplices
449 3357 621 3433 brevesque
636 3374 781 3436 mappae,

124 3438 190 3499 Nec
206 3441 286 3500 turis
302 3441 424 3500 veniant
437 3436 523 3500 leves
540 3436 673 3498 selibrae
679 3482 689 3520 ,
702 3508 708 3518 .

1031 217 1093 286 167
