2370 3924
454 223 498 283 M.
515 223 606 285 VAL.
622 221 849 282 MARTIALIS

626 422 673 482 ΙΙΙ.

210 537 281 598 Non
295 539 412 596 urbana
425 553 493 594 mea
508 539 626 594 tantum
640 534 816 614 Pimpleide
832 535 970 614 gaudent

255 622 343 698 Otia,
366 638 425 679 nec
439 620 542 679 vacuis
558 620 681 678 auribus
694 621 756 679 ista
771 617 895 697 damus,

216 705 281 766 Sed
296 723 381 764 meus
396 705 429 762 in
445 703 565 763 Geticis
580 700 619 762 ad
633 703 748 763 Martia
762 704 849 780 signa
867 704 994 782 pruinis

256 790 283 849 Α
298 787 398 866 rigido
416 788 530 846 teritur
544 786 726 846 centurione
741 784 840 865 liber,

136 858 142 943 ἶ
192 873 337 936 abicitur
353 878 386 931 et
399 876 524 930 nostros
542 876 666 930 cantare
679 871 840 930 Britannia
854 888 976 931 versus.

89 934 139 1028 ‘ip'
258 954 340 1031 Quid
353 953 506 1036 prodest?
534 951 642 1013 Nescit
655 952 793 1014 sacculus
808 955 871 1028 ista
883 973 985 1017 meus.

213 1040 256 1099 At
272 1058 360 1117 quam
376 1039 509 1097 victuras
523 1043 700 1116 poteramus
714 1055 852 1116 pangere
867 1037 997 1098 chartas

258 1123 438 1200 Quantaque
454 1121 557 1180 Pieria
570 1118 689 1200 praelia
703 1121 779 1181 flare
796 1123 888 1199 tuba,

215 1208 292 1267 Cum
307 1209 359 1286 pia
372 1203 569 1264 reddiderint
581 1205 751 1283 Augustum
763 1206 888 1264 numina
902 1206 1022 1285 terris,

172 1301 207 1353 10
254 1292 296 1351 Et
310 1290 526 1350 Maecenatem
538 1288 564 1346 si
579 1289 654 1365 tibi,
673 1289 787 1367 Roma,
809 1288 937 1348 darent!

628 1421 681 1487 IV.

219 1536 313 1596 Sacra
327 1532 473 1611 laresque
486 1532 658 1611 Phrygum,
682 1551 757 1611 quos
773 1531 889 1594 Troiae
904 1535 1021 1596 maluit
1035 1537 1121 1597 berea

257 1621 352 1696 Quam
367 1636 479 1698 rapere
494 1636 615 1676 arsuras
630 1615 849 1677 Laomedontis
865 1637 962 1698 opes,

215 1705 355 1784 Scriptus
371 1708 404 1761 et
418 1707 545 1761 aeterno
560 1720 642 1760 nunc
655 1702 786 1780 primum
800 1700 941 1782 Iuppiter
961 1724 1040 1765 auro

256 1789 298 1847 Et
313 1806 402 1846 soror
416 1791 449 1863 et
461 1786 569 1844 summi
584 1783 647 1849 fflia
661 1790 727 1843 tota
739 1785 854 1864 patris,

192 1872 259 1933 alet
273 1872 325 1949 qui
339 1869 503 1949 purpureis
518 1870 576 1928 iam
590 1869 684 1927 tertia
697 1870 819 1928 nomina
838 1870 943 1948 fastis,

258 1955 347 2031 lane,
368 1952 471 2011 refers
485 1953 621 2027 Nervae;
642 1971 695 2012 vos
709 1971 823 2033 precor
838 1973 892 2013 ore
907 1954 980 2034 pio:

210 2040 305 2099 Hunc
321 2055 426 2096 omnes
442 2043 562 2095 servate
579 2036 703 2113 ducem,
724 2042 845 2096 servate
861 2045 1023 2114 senatum

259 2123 400 2183 Moribus
416 2121 467 2180 hic
481 2122 562 2180 vivat
575 2121 742 2199 principis,
763 2118 820 2179 ille
835 2123 907 2185 suia.

633 2255 669 2315 V.

215 2369 314 2428 Tanta
331 2370 388 2427 tibi
406 2375 454 2427 est
468 2370 547 2427 recti
562 2369 755 2443 reverentia,
776 2368 907 2447 Caesar,
929 2376 965 2428 et
981 2373 1094 2451 aequi,

258 2452 376 2526 Quanta
392 2452 507 2510 Numae
523 2453 640 2511 fuerat:
663 2451 719 2511 sed
732 2451 828 2511 Numa
842 2471 963 2533 pauper
980 2464 1059 2517 erat.

214 2533 319 2593 Ardua
334 2552 385 2592 res
400 2535 476 2593 haec
492 2542 556 2611 est,
579 2537 687 2614 opibus
701 2555 762 2595 non
777 2535 903 2596 tradere
918 2557 1025 2598 mores

256 2621 378 2678 Etcum
394 2623 441 2677 tot
457 2619 589 2678 Croesos
604 2620 731 2698 viceris,
755 2638 823 2680 esse
837 2619 977 2683 Numam.

192 2703 251 2767 nsi
265 2703 397 2762 redeant
409 2708 549 2779 veteres,
570 2705 707 2780 ingentia
722 2705 860 2782 nomina,
882 2712 1012 2786 patres,

257 2787 395 2866 Elysium
413 2786 508 2847 liceat
523 2789 549 2847 ai
563 2805 691 2847 vacuare
705 2806 826 2847 nemus:

215 2872 264 2932 Tc
280 2871 364 2931 colet
377 2874 507 2932 invictus
521 2892 578 2951 pro
594 2869 740 2931 libertate
758 2869 921 2948 Camillus,

258 2957 376 3015 Aurum
389 2954 569 3030 Fabricius,
590 2961 623 3014 te
638 2956 815 3033 tribuente,
836 2955 936 3030 volet3

217 3040 265 3098 Te
282 3038 360 3098 duce
376 3036 520 3115 gaudebit
535 3039 664 3117 Brutus,
681 3041 739 3099 tibi
755 3039 840 3099 Sulla
855 3045 1005 3102 cruentus

172 3133 207 3184 10
255 3123 418 3202 Imperium
435 3121 554 3199 tradet,
578 3142 644 3181 cum
660 3124 817 3202 positurus
833 3125 911 3200 erit;

213 3207 255 3268 Et
268 3213 301 3265 te
315 3207 434 3284 privato
450 3226 517 3265 cum
532 3208 664 3275 Caesare
680 3208 811 3286 Magnus
827 3209 955 3287 amabit,

257 3289 390 3348 Donabit
404 3294 484 3350 totas
500 3297 532 3351 et
546 3291 603 3350 tibi
618 3290 746 3351 Crassus
764 3311 847 3371 opes.

215 3374 286 3453 lpse
305 3391 427 3451 quoque
443 3375 575 3434 infernis
590 3381 750 3434 revocatus
767 3377 846 3435 Ditis
862 3379 898 3436 ab
917 3378 1037 3438 umbria

258 3458 290 3516 Si
305 3457 381 3517 Cato
397 3456 562 3536 reddatur,
585 3459 786 3519 Caesarianus
802 3461 872 3520 erit.
