2370 3924
320 232 824 297 .EP1GRAMMATONL1B.XI.
1036 237 1099 305 267

138 387 224 447 Dixit
237 383 326 445 idcm‘
336 385 479 464 quotiens
492 382 605 444 lascivo
619 383 693 444 luno
709 384 868 446 Tonanti?

180 469 240 530 lllc
255 476 358 528 tamen
373 467 483 548 grandi
498 487 565 527 cum
580 467 761 547 Ganymede
776 470 867 531 iacet.

113 554 322 617 blncurvabat
336 552 438 632 Hylan
452 553 553 632 posito
572 551 756 630 Tirynthius
771 573 858 614 urcut

181 639 231 698 Tu
245 638 394 715 Megaran
409 635 512 696 credis
525 653 587 695 non
604 637 747 696 habuisse
763 639 875 698 nates?

137 722 320 802 Torquebat
334 721 492 780 Phoebum
507 719 636 799 Daphne
650 719 793 799 fugitiva:
815 721 872 782 sed
885 720 955 783 illes

179 803 325 866 Oebalius
338 806 473 864 dammas
487 804 577 862 iussit
595 804 682 863 abire
696 822 784 884 puer.

135 891 254 950 Briseis
267 888 394 949 multum
410 887 544 966 quamvis
560 905 666 948 aversa
678 888 812 967 iaceret,

89 985 128 1037 10
178 971 331 1034 Aeacidae
345 972 474 1052 propior
488 968 567 1029 levis
582 972 695 1031 amicus
711 978 788 1032 erat.

135 1059 236 1118 Parce
250 1057 312 1116 tuis
325 1056 420 1133 igitur
436 1051 514 1113 darc¹
525 1054 659 1115 mascula
672 1056 797 1114 nomina
810 1057 920 1135 rebus,
962 1115 965 1119 ,

179 1141 290 1220 Teque
304 1144 378 1218 puta
393 1156 527 1215 cunnos,
546 1157 640 1216 uxor,
662 1139 779 1198 habere
794 1137 881 1203 duos.

518 1271 626 1333 XLIV.

133 1383 237 1444 Orbus
253 1401 287 1443 es
302 1388 335 1443 et
348 1380 507 1463 locuples,
531 1391 564 1444 ct
576 1384 673 1444 Bruto
691 1381 818 1444 consule
833 1392 921 1445 natus

175 1468 254 1527 Esse
267 1467 326 1526 tibi
339 1485 428 1527 veras
443 1466 546 1526 credis
562 1468 733 1528 amicitias?

134 1551 216 1611 Sunt
228 1568 337 1628 verse,
359 1549 415 1611 scd
431 1570 505 1629 quas
518 1552 653 1627 iuvenis,
676 1571 749 1629 quus
765 1570 883 1632 pauper
897 1553 1041 1617 habebas.

179 1635 238 1711 Qui
252 1653 348 1694 novus
364 1640 428 1712 cst,
449 1640 581 1694 mortem
597 1632 700 1714 diligit
714 1633 771 1696 ille
786 1642 878 1698 tuam.

526 1767 618 1831 XLV.

131 1881 260 1942 Intrasti
275 1881 418 1960 quotiens
434 1881 601 1961 inscriptae
617 1878 725 1941 limina
740 1881 856 1963 cellae,

176 1964 240 2025 Seu
253 1983 332 2046 puer
347 1965 468 2042 arrisit,
490 1967 554 2025 sive
570 1963 677 2045 puella
690 1966 764 2044 tibi,

133 2049 307 2110 Contentus
321 2066 384 2108 non
398 2066 432 2107 es
446 2049 565 2109 foribus
579 2048 711 2128 veloque
726 2068 876 2130 seraque,

179 2132 402 2211 Secretumque
416 2133 505 2192 iubes
523 2130 668 2210 grandius
684 2151 753 2193 csse
767 2135 835 2194 tibi.

109 2214 297 2280 50blinitur
311 2217 454 2276 minimae
471 2217 497 2275 si
513 2235 571 2294 qua
588 2222 637 2276 cst
651 2217 780 2296 suspitio
795 2219 891 2277 rimae

177 2301 356 2380 Punctaque
369 2299 483 2359 lasciva
498 2317 576 2378 quac
591 2301 793 2359 terebrantur
808 2319 874 2360 acu.

131 2383 230 2444 Nemo
247 2390 296 2444 est
313 2390 375 2444 tam
387 2384 491 2443 teucri
508 2390 570 2442 tam
584 2380 774 2462 sollicitique
788 2383 931 2464 pudoris,

176 2468 236 2544 Qui
250 2467 299 2528 rcl
312 2467 472 2548 predicat,
496 2466 668 2546 cantharo,
691 2467 742 2528 vel
756 2468 859 2531 futuit.

517 2617 623 2680 XLVI.

116 2730 197 2789 ·Iam
210 2731 272 2789 nisi
287 2748 346 2810 per
360 2749 497 2791 somnum
512 2750 575 2789 non
590 2730 699 2807 arrigis
715 2735 748 2789 et
763 2731 837 2808 tibi,
859 2730 980 2806 Macri,

176 2814 290 2893 ¹Incipit
303 2815 337 2873 in
350 2813 470 2874 medios
487 2815 605 2874 meiere
621 2831 716 2892 verpa
729 2810 844 2892 pedes,

132 2895 288 2957 Truditur
302 2904 335 2958 et
350 2897 455 2976 digitis
469 2915 628 2978 pannucea
639 2895 777 2956 mentula
789 2895 896 2975 lassis,

174 2981 240 3041 Nec
253 2980 336 3042 levat
355 2984 523 3042 extinctum
537 2979 704 3042 sollicitata
719 2986 818 3062 caput.

105 3063 217 3141 5Qnid
232 3067 363 3126 miseros
377 3066 495 3125 frustra
510 3085 626 3126 cunnos
641 3062 789 3144 culosque
804 3063 958 3125 lacessis?

173 3148 297 3209 Summa
310 3156 416 3230 petrs3
435 3148 503 3210 illic
518 3147 655 3209 mentula
672 3150 746 3209 vivit
759 3169 843 3212 nnus.

511 3283 632 3345 XLVII.

129 3394 243 3457 Omnia
256 3399 402 3458 femineis
417 3417 512 3478 quare
529 3396 643 3458 dilecta
658 3398 790 3458 catervis

175 3479 293 3542 Balnea
308 3482 426 3542 devitat
437 3482 587 3544 Lattara?
615 3483 663 3542 Ne
677 3482 790 3546 futuat.
