2370 3924
321 236 663 300 EPIGRAMMATON
676 238 749 299 LIB.
766 237 817 298 Xl.
1033 234 1099 300 250

112 391 267 456 5Romani
282 388 378 450 decus
394 396 427 449 et
442 387 533 448 dolor
548 391 664 449 theatri

132 479 237 557 Atque
254 491 361 534 omnes
376 474 519 535 Veneres
535 472 767 552 Cupidinesque

132 561 203 621 Hoc
222 566 294 619 suut
310 555 451 636 condlta,
476 576 536 635 quo
549 557 654 635 Paris,
676 556 830 639 sepulcro.

532 691 613 753 xlv.

132 806 295 884 Heredes,
315 803 414 866 nolite
432 807 558 866 brevem
577 803 714 886 sepelire
731 803 892 866 colonum:

175 891 251 952 Nam
264 897 349 951 terra
364 897 413 950 est
428 888 477 949 illi
492 889 761 971 quantulacunque
776 890 887 969 gravIs·

534 1025 602 1086 XV.

131 1140 211 1199 Sunt
225 1138 351 1197 chartae
367 1136 460 1214 mibi,
485 1155 558 1214 quas
573 1137 699 1196 Catonis
714 1155 791 1196 uxor

129 1225 174 1283 Et
187 1241 261 1301 quas
275 1218 445 1280 horribiles
459 1218 565 1299 legant
579 1219 721 1283 Sabinae.

130 1307 192 1367 Hic
208 1312 293 1366 totus
307 1302 377 1365 volo
393 1303 496 1364 rideat
510 1303 637 1364 libellus

129 1393 172 1451 Et
187 1390 228 1449 sit
242 1390 376 1469 nequior
392 1389 533 1448 omnibus
545 1385 684 1466 libellis,

108 1475 195 1551 5Qui
211 1475 281 1533 vino
295 1472 417 1532 madeat
431 1491 490 1533 nec
505 1474 669 1533 erubescat

129 1559 243 1636 Pingui
260 1555 405 1617 sordidus
421 1575 489 1617 esse
508 1557 682 1618 Cosmiano.

128 1641 233 1703 Ludat
248 1660 316 1701 cum
331 1641 454 1721 pueris,
477 1645 559 1700 amet
576 1637 714 1720 puellas3
1020 1692 1023 1701 .

128 1720 196 1788 Nec
209 1743 268 1806 per
283 1726 429 1786 circuitus
443 1722 588 1805 loquatur
602 1721 704 1802 illam,
1040 1764 1059 1829 Β

128 1813 178 1871 Ex
194 1829 254 1890 qua
268 1810 437 1887 nascimur,
461 1810 595 1869 omnium
610 1814 789 1888 parentem,

84 1897 227 1972 loQuum
242 1901 365 1954 sanctus
377 1893 475 1954 Numa
490 1890 658 1954 mentulam
673 1894 808 1953 vocabat.

129 1980 249 2053 Versus
267 1978 325 2039 hos
340 1984 444 2039 tamen
459 1996 528 2039 esse
542 1984 577 2038 tu
591 1983 745 2038 memento

130 2060 372 2141 Saturnalicios,
392 2061 592 2143 Apollinaris.

132 2148 242 2209 Mores
257 2166 320 2207 uon
336 2147 433 2207 habet
446 2147 498 2208 bic
513 2165 599 2207 meos
611 2142 750 2206 libellus.

534 2293 615 2356 XVI.

131 2411 192 2486 Qui
207 2408 308 2487 gravis
323 2425 357 2467 es
372 2407 515 2487 nimium,
538 2413 629 2489 potes
643 2406 716 2466 binc
733 2406 810 2487 iam,
832 2405 950 2488 lector,
973 2409 1061 2469 abire

174 2494 242 2569 Quo
256 2489 349 2551 libetr
370 2491 507 2552 urbanae
522 2492 700 2572 scripsimus
713 2492 775 2552 ista
788 2498 888 2572 togae.

129 2579 207 2638 Nam
218 2595 292 2653 ,mea
305 2575 485 2656 Lampsacio
499 2575 622 2638 lascivit
634 2577 747 2657 pagina
760 2595 852 2638 versu

172 2663 214 2722 Et
229 2660 427 2720 Tartessiaco
443 2667 610 2741 concrepat
626 2679 698 2720 aera
711 2680 810 2722 manu.

131 2745 158 2806 0
176 2745 320 2824 quotiens
335 2743 436 2823 rigida
450 2744 588 2824 pulsabis
601 2743 697 2825 pallia
711 2761 804 2821 vena,

175 2830 224 2890 Sis
241 2828 363 2907 gravior
379 2829 473 2889 Curio
489 2829 696 2906 Fabricioque
711 2825 802 2887 licet!

131 2915 182 2974 Tu
198 2930 322 2992 quoque
336 2913 491 2992 nequitias
507 2913 607 2973 nostri
621 2911 770 2990 lususque
784 2909 887 2972 libelli

173 2997 243 3059 Uda
257 2995 363 3078 puella
376 2995 479 3076 legas,
499 2998 542 3058 sis
556 2998 702 3057 Patavina
715 2996 798 3056 licet.
903 3028 905 3033 ·
1026 3040 1031 3053 .

130 3083 265 3145 Erubuit
277 3082 444 3162 posuitque
459 3101 559 3141 meum
573 3081 719 3142 Lucretia
733 3078 864 3154 librum;
1027 3062 1033 3099 ¹

87 3179 123 3231 10
174 3166 238 3227 Sed
254 3186 356 3226 coram
371 3166 484 3240 Bruto;
504 3167 617 3244 Brute,
639 3163 769 3225 recede:
790 3163 886 3243 leget.
906 3222 908 3227 ,

525 3300 618 3361 XVII.

130 3416 201 3476 Non
216 3416 314 3475 omnis
329 3416 429 3476 nostri
442 3421 594 3476 nocturna
609 3420 657 3475 est
671 3414 782 3494 pagina
796 3411 885 3473 libri:

176 3500 317 3560 Invenies
333 3507 367 3560 et
381 3498 465 3580 quod
477 3518 584 3578 mane,
608 3499 741 3580 Sabine,
759 3497 862 3578 legas.

833 3577 904 3644 m*
1041 3640 1050 3653 ,
1085 3644 1099 3673 X
1146 3588 1179 3661 ,a

1039 3672 1054 3695 ,ι
1076 3672 1117 3701 ..a
1132 3666 1141 3683 ⁵
