2370 3924
191 234 194 241 ’
310 216 649 290 ΕΡΙΘΙΙΑΜΜᾼΤΟΝ
667 217 795 283 LIBER.

115 371 171 434 Sic
184 370 281 431 miser
295 366 701 431 instentes:ciietus·dicitur
715 367 843 431 undusr·
891 400 894 407 ·
912 410 915 421 .

158 450 391 536 „Porcitozdum
404 469 557 533 propero,
577 452 709 531 mergite
723 462 791 514 cuni
805 450 933 514 redeo.“

498 585 609 648 XXVI.

114 702 204 764 Lusit
216 699 387 762 Nereidum
400 696 510 761 docilis
526 700 638 777 chorus
651 717 788 779 aequore
801 707 869 763 toto

155 786 197 847 Et
210 786 294 846 vario
305 782 414 847 faciles
421 781 535 844 ordine
542 784 648 862 »pinxit
663 804 765 863 equus.

112 867 356 935 Fusciuudente
371 868 472 929 minor
485 872 574 942 recto
589 867 791 946 fuit,·uncore
804 888 915 931 curvo:

156 951 353 1028 credidimus
366 969 486 1012 remum
499 948 751 1031 credidimusque
762 960 877 1032 rotem,

88 1037 156 1099 sm
169 1043 289 1115 gratum
302 1036 403 1097 nautis
416 1033 501 1097 sidus
513 1033 636 1113 fulgere
648 1035 804 1096 lmconum

153 1119 292 1201 Lutuque
302 1121 468 1201 perspicuo
481 1117 550 1179 uelo
563 1122 685 1179 tumere
698 1120 777 1180 sinu.
791 1146 794 1177 :

111 1204 188 1282 Quis
203 1209 304 1266 tentus
317 1202 445 1283 liquidis
458 1209 541 1264 ortes
555 1203 674 1263 inuenit
685 1203 718 1263 in
729 1201 843 1264 nudis?

152 1288 216 1349 Aut
232 1287 337 1349 docuit
349 1287 434 1349 lusus
448 1287 506 1347 hos
520 1286 631 1347 'l'hetis
646 1291 698 1347 rut
709 1284 828 1349 didicit.

488 1400 610 1484 xivn.
729 1399 732 1405 ’

109 1531 242 1595 Saeculo
252 1531 506 1612 Carpophorum,
529 1531 661 1610 caesar,
683 1534 710 1593 si
726 1534 830 1613 prisce
841 1531 1006 1611 tulissent,

152 1611 226 1677 Non
241 1615 341 1676 aleret
355 1633 467 1677 coecus
482 1615 614 1684 herbam
627 1620 714 1677 term
727 1615 829 1693 feres,
857 1623 860 1627 '
896 1658 898 1663 -

108 1700 177 1775 Non
191 1698 358 1761 Manethon
370 1703 508 1777 taurum,
525 1697 643 1759 Nemee
653 1696 801 1760 frondoso
814 1698 954 1778 leonem,

149 1784 249 1845 Arcus
262 1780 451 1845 Maenalium
463 1801 527 1843 non
540 1782 696 1844 timuisset
710 1803 826 1867 aprum.

86 1867 181 1930 5Hoc
193 1868 330 1927 cr'mu'nt'e
343 1874 449 1941 munus¹
461 1864 580 1946 hydrae
590 1885 674 1927 mors
682 1864 746 1928 'unc
757 1866 883 1946 fuisset,
906 1860 910 1871 '

150 1951 231 2011 Huic
245 1948 393 2031 percussu
402 1949 487 2010 foret
501 1954 568 2010 toto
583 1948 746 2012 chimaera
758 1948 863 2013 semel.

106 2032 260 2114 Igniieros
272 2033 371 2114 possit
385 2030 618 2095 sineuolchide
629 2035 760 2114 iungere
771 2041 893 2112 tonnus,
905 2040 909 2047 '

149 2118 255 2179 Possit
268 2122 431 2196 utromque
445 2116 682 2179 ferumvincerc
693 2114 870 2199 P'usiphcds.
925 2128 928 2135 '

107 2202 142 2263 Si
157 2203 215 2282 sit,
237 2207 271 2262 ut
285 2202 432 2280 aequorei
447 2206 612 2263 reuocetur
625 2200 729 2263 fabulo
743 2203 889 2282 monstri,

63 2297 100 2350 10
148 2286 309 2348 Hesionen
322 2281 423 2345 solvet
434 2282 518 2345 scius
532 2288 566 2346 et
578 2283 808 2348 Andromedan.

96 2368 284 2438 'Herculeae
294 2366 394 2429 leudis
405 2375 587 2430 numeretur
602 2367 715 2448 glorio:
735 2369 871 2453 plus'est
900 2395 905 2405 ·

148 2454 202 2514 Bis
215 2452 310 2515 denus
323 2453 443 2532 puriter
456 2450 670 2534 perdomuisse
684 2453 786 2516 ierus?
815 2468 818 2475 ·

470 2572 608 2649 xxvfflss

104 2701 237 2780 Augpsti
251 2698 341 2761 lnbor
352 2700 404 2761 hic
417 2699 521 2762 iuerat
535 2701 729 2761 committere
742 2696 857 2761 classes

148 2785 191 2847 Et
200 2784 283 2844 fretu
293 2782 392 2845 novoli
404 2781 573 2845 sollicitare
587 2785 671 2847 tubo.
964 2788 966 2791 ’

107 2867 249 2929 caesuris
264 2869 342 2929 hoec
353 2869 454 2929 nostri
467 2886 540 2948 pers
555 2872 604 2927 est
616 2866 733 2946 quoto?
747 2865 825 2927 vidit
839 2868 871 2927 in
887 2867 978 2930 undis

148 2953 190 3015 Et
203 2952 316 3012 Thetis
330 2953 452 3032 ignotus
465 2957 498 3013 et
509 2949 638 3013 Guloteu
649 2951 752 3027 ferus3
837 2984 840 2991 ·

84 3035 197 3100 tVidit
211 3038 245 3097 in
257 3055 413 3116 aequoreo
424 3036 583 3097 feruentes
596 3033 727 3117 puluere
741 3055 851 3098 currus

147 3121 190 3183 Et
205 3119 320 3181 domini
335 3120 448 3181 'l'riton
460 3121 523 3181 isse
534 3121 652 3201 putruit
665 3138 777 3200 equos:

104 3205 246 3284 Dumque
260 3210 349 3286 perat
363 3205 461 3265 suevis
475 3205 593 3265 retibus
607 3204 676 3263 fero
690 3201 809 3284 proelis
822 3203 959 3283 Nereus,

147 3289 281 3349 Horruit
295 3289 327 3348 in
340 3285 467 3368 liquidis
480 3289 529 3348 irc
543 3286 692 3368 pedester
706 3290 801 3366 cquis.

106 3370 266 3453 Quidquid
280 3379 313 3433 et
325 3372 465 3433 inGirco
480 3377 638 3452 spectetur
654 3378 687 3433 et
700 3373 953 3453 AmphItheetro,

65 3465 97 3518 ιο
145 3456 239 3518 Dives
257 3456 409 3518 Gueserec
422 3458 579 3538 praestitit
592 3455 674 3516 undu
687 3457 757 3521 tibi.

1054 220 1074 285 t
