2370 3924
91 229 156 298 270
412 229 459 290 Μ.
473 228 567 290 VAL
582 226 805 288 munnulus

176 386 304 449 Viribus
317 383 369 442 hic
382 381 472 460 operi
485 398 546 439 non
558 385 626 455 est,
646 378 697 437 hie
709 377 828 437 inutilis
843 379 949 438 mnis:

219 470 305 546 Ergo
320 468 389 525 sine
404 465 520 524 effectu
533 463 634 542 prurit
648 463 771 540 utrique
784 460 885 524 labor.

154 549 317 632 §Supplex
329 548 382 609 illa
394 554 483 625 roget
496 565 555 626 pro
568 564 603 605 se
616 547 800 624 minedsquc
816 542 955 623 (luobus,

219 637 312 695 Hunc
325 635 467 692 iuvenem
480 630 593 705 facias,
611 629 711 706 hunc,
731 629 905 708 Cytheren
925 631 1032 690 virum

545 790 693 851 LXXXII

180 925 209 984 A
226 921 422 982 Sinuessanis
435 921 560 980 convica
573 916 780 978 Philan-tas
791 915 884 976 mali·

220 1003 412 1066 Conductum
426 1010 574 1084 repetem
587 1008 680 1062 nocte
692 1003 820 1062 inheute
832 999 934 1061 larem

177 1089 282 1149 Paene
295 1089 432 1147 imitetur
446 1088 513 1147 obit
529 1086 627 1147 nevi·
639 1084 796 1165 Elpenora
809 1085 899 1162 tofis,

219 1171 375 1250 Praeceps
388 1169 569 1250 perlongo·
584 1168 656 1228 dnm
668 1171 733 1230 ruit
744 1187 842 1248 usquc
856 1167 981 1248 gradus.

154 1255 248 1320 §Non
265 1262 366 1332 esset,
387 1254 562 1334 Nymphae,
583 1261 646 1312 tam
659 1273 766 1332 magua
778 1253 917 1333 pericula
931 1271 1050 1334 passus,

223 1339 257 1398 Si
270 1340 375 1419 potius
390 1345 508 1398 vertras
521 1336 577 1398 ille
591 1338 722 1398 bibisset
735 1357 836 1416 squas.

531 1518 692 1582 LXXXIII.

181 1646 279 1707 Nemo
293 1649 413 1708 habitet
426 1649 521 1726 gratis
536 1649 598 1708 nisi
611 1645 698 1720 olives
712 1653 747 1707 ct
760 1648 853 1707 orbus
868 1643 1006 1726 apulie.

217 1729 314 1791 Nemo
328 1731 450 1792 domum
463 1729 576 1810 pluris,
597 1731 774 1807 Sosihiane,
793 1727 885 1791 locst.

533 1909 696 1970 LXXXIV.

179 2034 238 2109 Qui
254 2034 390 2094 nondum
405 2036 526 2116 Stygias
542 2035 734 2097 descendere
749 2036 872 2115 quaerit
887 2033 927 2094 ad
942 2037 1072 2110 umbras,

221 2116 395 2179 Tonsorem
409 2121 524 2199 fugiat,
546 2123 573 2181 si
588 2122 684 2200 sapit,
706 2120 902 2187 Antiochum.

177 2197 256 2260 Alha
271 2204 370 2263 minus
388 2206 486 2264 sacris
499 2204 675 2264 lacerantur
689 2204 814 2263 brachia
828 2199 956 2280 cultris,

219 2285 295 2345 cam
310 2286 387 2347 furit
404 2288 442 2347 ad
455 2288 607 2367 Phrygios
623 2289 736 2347 enthea
750 2288 840 2347 turha
854 2285 974 2349 modos.

155 2365 286 2426 5Mitius
300 2369 465 2449 implicitas
481 2371 578 2431 Alcon
593 2377 677 2431 secat
693 2368 888 2431 enterocelas

219 2451 392 2530 Fractaque
407 2453 512 2513 fabrili
526 2454 653 2515 dedolat
667 2475 735 2514 ossa
749 2474 847 2514 mann.

177 2531 321 2592 Tondeat
335 2536 386 2594 hic
401 2538 509 2615 inopes
526 2539 658 2615 Cynicos
673 2546 706 2599 et
720 2538 824 2598 Stoica
838 2545 944 2598 menta

218 2614 370 2696 Collaque
384 2619 532 2698 pulverea
546 2620 643 2683 nudet
658 2624 769 2702 equina
783 2623 863 2683 iuba.

175 2698 235 2758 llic
252 2703 397 2762 miserum
413 2704 559 2783 Scythica
571 2708 626 2766 suh
643 2725 721 2785 rupe
735 2706 922 2766 Promethea
937 2704 1041 2783 radat,

135 2790 168 2843 10
217 2785 402 2847 Carnificem
415 2789 496 2848 nudo
512 2797 641 2868 pectore
656 2797 765 2868 poscet
779 2809 873 2849 avem.

174 2866 223 2926 Ad
238 2878 366 2930 matrem
381 2872 481 2947 fugiet
492 2873 667 2951 Pentheus,
691 2873 730 2934 ad
745 2873 911 2934 Maenadas
928 2874 1083 2955 Orpheus,

216 2952 363 3012 Antiochi
378 2960 495 3014 tantum
510 2957 640 3017 barbara
654 2956 719 3017 tela
733 2965 852 3019 sonent.

175 3032 261 3092 Haec
276 3055 476 3116 quaecuuque
492 3059 561 3100 meo
576 3043 744 3102 numeratis
758 3044 899 3121 stigmata
913 3047 1039 3121 mento,

218 3116 252 3174 ln
271 3118 368 3178 vetuli
384 3129 494 3199 pyctae
510 3123 612 3202 qualia
625 3126 731 3186 fronte
746 3126 874 3203 sedent,

133 3196 240 3258 thon
256 3201 411 3263 iracundis
426 3207 503 3265 fecit
518 3211 618 3284 gravis
632 3212 784 3287 unguibus
799 3229 891 3283 ux0r3

216 3282 363 3343 Antiochi
379 3287 496 3347 ferrum
512 3298 560 3349 est
574 3299 607 3350 et
622 3292 772 3352 scelerata
786 3313 902 3355 manus.

171 3363 258 3423 Unus
276 3365 315 3424 de
330 3373 448 3430 cunctis
465 3373 644 3435 animalibus
659 3377 764 3437 hircus
778 3380 873 3438 hahet
888 3397 957 3437 cor:

213 3448 365 3533 Barbatus
379 3455 469 3531 vivit,
489 3476 529 3516 nc
544 3458 626 3519 ferat
641 3460 835 3524 Antiochum.
