2370 3924
355 229 694 294 EPIGRAMMATON
706 231 781 292 LIB.
796 229 836 296 V.
1056 228 1117 293 125

156 387 304 465 MIraris,
326 382 519 445 Theodorei
547 382 660 460 Magna
676 401 765 441 causa
781 393 860 442 estt'

157 472 264 531 Dones
276 476 311 528 tu
327 468 402 529 mihi
417 485 457 527 ne
472 472 542 527 tuos
558 465 693 525 libellos.

526 599 662 662 LXXIV.

156 716 323 796 Pompeios
337 715 464 774 iuvenes
478 714 552 771 Asia
567 718 659 792 atque
673 714 814 791 Europa,
834 709 891 771 sed
904 712 1002 790 ipsum

166 844 171 857 ,
203 800 303 859 Terra
317 797 398 876 tegit
410 797 544 875 Libyae,
566 798 592 855 si
606 804 709 857 tamen
725 794 787 855 ulla
801 796 890 874 tegit.

155 882 240 960 Quid
254 884 365 943 mitum
379 886 445 941 toto
461 881 487 940 si
502 882 657 961 spargitur
672 879 770 941 orbe?
798 879 903 939 Iacere

201 967 269 1028 Uno
285 984 348 1026 non
361 971 487 1046 poterat
500 969 586 1024 tanta
600 965 689 1023 ruIna
702 961 773 1024 Ioco

537 1097 659 1160 LXXV.

154 1219 244 1296 Quae
258 1217 337 1297 Iegis
353 1236 443 1277 causa
454 1215 560 1295 nupsit
576 1215 634 1274 tibi
648 1210 771 1292 Laelia,
794 1215 924 1291 Quinte.

199 1302 334 1363 Uxorem
347 1306 438 1382 potes
451 1300 531 1359 hano
549 1296 654 1358 dicere
666 1296 845 1376 legitimam.

530 1431 665 1494 LXXVI.

152 1547 298 1608 Profecit
311 1554 386 1628 poto
403 1545 604 1608 MIthridates
619 1563 712 1625 saepe
727 1563 866 1622 veneno,

201 1630 317 1692 Toxica
330 1650 370 1691 ne
385 1637 514 1711 possent
528 1648 617 1690 saeva
631 1647 747 1689 nocere
761 1629 829 1690 sibi.

154 1715 210 1776 Tu
223 1716 345 1795 quodue
361 1716 468 1776 cavisti
484 1713 622 1775 cenando
638 1719 700 1773 tam
715 1711 794 1773 male
809 1729 944 1797 semper,

200 1799 245 1859 Ne
259 1819 368 1879 posses
382 1818 531 1878 unquam,
554 1799 668 1876 Cinna,
690 1799 796 1877 perire
810 1797 900 1856 fame.

518 1932 666 1995 LXXVII.

148 2045 304 2107 Narratur
320 2042 403 2104 belle
423 2042 690 2129 quidam-dixisse,
711 2040 863 2116 Marulle,

199 2129 258 2205 Qui
272 2135 305 2188 tc
320 2128 407 2189 ferre
421 2127 522 2189 oleum
537 2127 615 2189 dixit
628 2130 661 2187 in
676 2125 822 2189 auricula.

510 2275 672 2338 LXXVIII.

151 2389 190 2448 Si
208 2388 289 2448 tristi
306 2387 479 2450 domicenio
494 2386 635 2466 laboras,

151 2472 290 2550 Torani,
311 2479 402 2553 potes
417 2474 537 2533 esurire
552 2490 681 2533 mecum.

150 2557 225 2617 Non
244 2555 377 2618 deerunt
393 2557 468 2636 tibi,
490 2558 516 2616 si
531 2555 614 2617 soles
629 2553 820 2633 προπίνειν,

148 2640 243 2702 Viles
257 2638 459 2720 Cappadocae
475 2659 643 2720 gravesque
661 2640 756 2720 porri.

125 2725 269 2788 univiris
285 2725 407 2804 cybium
420 2724 532 2786 latebit
545 2727 626 2802 ovis,
730 2747 733 2751 ·

150 2809 295 2869 Ponetur
311 2807 416 2888 digitis
432 2807 585 2869 tenendus
601 2807 678 2866 ustis

150 2887 251 2970 Nigra
265 2891 413 2954 coliculus
428 2895 532 2953 virens
570 2889 679 2966 atella,

150 2975 320 3054 Algentem
337 2977 427 3037 modo
446 2978 497 3056 qui
513 2912 641 3055 rcquuit
654 2973 794 3032 hortum:

149 3060 196 3122 nt
210 3059 328 3141 pultem
343 3063 463 3121 niveam
480 3079 625 3141 premens
640 3056 796 3136 botellus,

99 3145 197 3210 lodii
211 3143 331 3224 pallene
346 3146 417 3204 faba
433 3165 500 3205 cum
517 3146 650 3204 rubente
665 3140 755 3202 lardo

150 3229 284 3292 Mensae
299 3249 427 3291 munera
443 3230 469 3290 si
482 3228 566 3289 voles
582 3225 753 3306 secundae,

151 3313 336 3376 Marcentes
351 3315 409 3374 tibi
426 3314 627 3393 porrIgentur
641 3329 717 3371 uvae

147 3399 194 3460 Et
208 3417 320 3458 nomen
335 3400 403 3475 pira
419 3398 618 3478 quaeserunt
633 3396 794 3476 Syrorum,

147 3482 194 3545 nt
209 3502 283 3562 quas
300 3481 391 3543 docta
405 3481 552 3567 Neapolis
570 3483 701 3560 creavit,
