2370 3924
124 229 186 295 148
448 229 493 291 M.
508 228 601 292 VAL.
617 226 843 290 MARTIAIIS

560 381 725 444 LXXXVI.

167 480 170 496 ³
207 483 347 544 Setinum
363 483 565 557 dominaeque
580 481 666 539 nives
682 477 833 557 densique
848 480 1000 557 trientes,

250 566 377 643 Quando
393 585 451 644 ego
466 583 520 625 vor
535 563 656 623 medico
671 583 733 622 non
746 563 936 642 prohibente
950 564 1086 628 bibam?

126 694 139 725 -,
165 724 169 731 Ι
206 650 326 712 Stultus
341 657 374 711 et
387 652 525 728 ingratus
538 666 596 707 nec
609 653 696 706 tanto
711 664 840 706 munere
855 645 984 727 diguus,

123 734 136 751 '⁴
248 737 309 812 Qui
323 734 438 795 mavolt
454 734 549 792 heres
565 730 668 790 divitis
684 749 754 790 esse
767 729 884 792 Midae.
1029 732 1032 736 ⁴

184 819 371 883 5Possideat
383 817 514 894 Libycas
529 833 647 875 messes
660 814 872 894 Hermumque
888 814 1095 897 Tagumque,

169 972 172 977 ,
246 905 288 966 Et
301 908 392 984 potet
406 899 539 979 caldam,
562 901 614 978 qui
629 899 704 958 mihi
715 895 808 970 livet,
829 918 946 978 aquam.

554 1011 733 1074 LXXXVII.

136 1154 150 1197 ..¹
178 1188 181 1197 Ι
206 1112 245 1173 Di
259 1113 318 1173 tibi
334 1111 410 1172 deut
426 1117 458 1172 et
472 1119 523 1190 tu,
546 1113 678 1189 Caesar,
702 1109 901 1190 quaecuuque
918 1113 1073 1172 mereris:

143 1202 146 1209 '
174 1212 181 1258 .'
247 1195 287 1255 ni
301 1197 377 1257 milri
392 1195 468 1257 dent
483 1203 516 1256 et
529 1202 580 1273 tu,
604 1213 682 1275 quae
695 1193 784 1273 volo,
806 1196 833 1254 si
846 1196 956 1254 merui.

551 1308 743 1370 LXXXVIII.

204 1406 299 1468 Mane
314 1407 441 1468 salutavi
453 1425 528 1467 vero
542 1414 576 1467 te
589 1409 713 1467 nomine
730 1425 818 1482 casu,

246 1490 312 1551 Nec
327 1491 390 1552 diri
405 1489 576 1568 domiuum,
597 1489 792 1567 caeciliane,
814 1507 925 1548 meum.

206 1576 320 1651 Quanti
333 1574 464 1647 libertas
479 1581 602 1635 constet
616 1575 692 1634 mihi
705 1579 791 1633 tanta
799 1617 807 1650 ‚
826 1572 987 1652 requiris?

249 1660 381 1719 Centum
397 1658 583 1738 quadrantes
600 1655 728 1719 abstulit
742 1656 799 1716 illa
812 1658 897 1718 mihi.

559 1769 723 1830 LXXXIX.

205 1869 283 1927 cam
298 1874 423 1947 peteret
438 1887 537 1928 seram
552 1868 655 1928 media
668 1870 728 1927 iam
742 1876 834 1929 nocte
849 1867 1008 1930 matellam

246 1953 365 2029 Arguto
381 1950 521 2011 madidus
535 1951 651 2032 pollice
666 1951 854 2031 Panaretus,

171 2041 175 2049 '
207 2033 368 2115 Spoletina
384 2034 453 2094 data
471 2041 536 2113 est,
558 2035 614 2096 sed
632 2055 721 2114 quam
736 2038 905 2097 siccaverat
918 2039 1007 2118 ipse,

248 2119 313 2179 Nec
331 2120 435 2179 fuerat
451 2119 510 2178 soli
524 2127 589 2179 tota
605 2117 716 2197 lagona
731 2121 814 2181 satis.

48 2250 110 2271 w.
183 2201 265 2264 ollle
280 2203 343 2263 fide
358 2224 472 2263 summa
486 2211 586 2264 testae
602 2223 656 2263 sua
669 2206 738 2262 vina
752 2223 913 2264 remensus

246 2287 397 2348 Reddidit
412 2288 584 2367 oenophori
597 2286 737 2366 pondera
750 2286 845 2366 plena
859 2291 914 2348 sui,

203 2371 346 2448 Miraris,
370 2377 514 2449 qnantum
529 2373 670 2449 biberat,
692 2374 813 2451 cepisse
826 2371 991 2451 lagonam?

245 2456 360 2514 Desine
374 2456 497 2532 mirari,
518 2454 614 2512 Rufe:
636 2473 755 2514 merum
769 2457 901 2517 biberat.

611 2585 675 2646 XC.

92 2734 101 2759 Ι,
202 2678 369 2741 Moechum
384 2680 488 2743 Gellia
503 2703 565 2744 non
580 2686 676 2744 habet
690 2687 750 2745 nisi
765 2707 867 2749 unum.

123 2788 142 2847 ²':·
202 2760 310 2844 ‘l'urpe
325 2773 389 2826 est:
410 2768 470 2828 hoc
486 2770 599 2847 magIs,
620 2789 696 2829 uxor
712 2776 761 2829 est
776 2769 914 2832 duorum.

602 2904 681 2964 XCI.

162 3062 165 3067 ,
202 2992 316 3055 Sancta
331 2995 417 3073 ducis
432 3001 540 3058 summi
555 3002 703 3080 prohibet
718 3020 849 3062 censura
862 3009 1010 3082 vetatque

114 3156 131 3169 ss
242 3074 416 3142 Moeobart
446 3080 571 3161 Gaude,
593 3083 703 3163 Zoile,
725 3106 788 3146 non
802 3086 907 3147 futuis.

596 3215 687 3278 XCII,

93 3328 110 3385 j
133 3292 137 3297 ¹
202 3305 347 3372 Caelatus
362 3314 420 3374 tibi
435 3316 573 3392 sumsit,
593 3316 751 3394 Anniana,

92 3406 98 3467 ᾗ
201 3390 340 3470 Serpens
355 3398 387 3458 in
403 3405 526 3477 patera,
548 3399 698 3478 Myronos
712 3408 812 3480 artes,

94 3532 100 3537 .
202 3472 351 3543 Vaticana
365 3483 462 3545 bibis:
484 3485 565 3545 bibis
578 3503 738 3545 venenum.
