2370 3924
130 230 193 296 192
451 230 496 292 M„
511 228 604 293 VAL.
619 229 846 292 Mauricus

216 383 309 486 Quod
319 384 346 444 sl
359 381 441 484 ludis
455 381 555 443 adhuc
570 381 727 483 semelque
742 385 826 443 nosci

54 542 93 611 (ic
106 518 137 599 3
215 469 845 629 ἓξῖυῐιιῗῗοξώὸῐξῖἓ,ῗιιοὲεειεέεῗῃέἕῐζὺο.

602 682 696 745 va.

216 800 276 859 llic
290 799 343 857 ubi
354 795 513 855 Fortunae
529 793 664 854 Reducis
679 792 830 873 fulgentia
842 793 908 857 late

260 877 391 961 Templa
404 881 522 956 nitent,
542 877 619 938 felix
632 897 704 939 area
717 896 818 958 nuper
832 886 918 956 erat;

218 967 278 1027 llic
294 965 383 1026 stetit
396 965 505 1023 Arctoi
518 963 672 1022 formosus
685 960 815 1042 pulvere
829 962 906 1024 belli

261 1050 453 1128 Purpureum
471 1045 606 1106 fundens
621 1048 736 1107 Caesar
751 1048 788 1107 ab
803 1066 859 1107 ore
873 1048 982 1123 luban

192 1133 277 1197 5Hic
291 1130 379 1192 lauru
394 1129 537 1190 redimita
551 1150 652 1191 comas
666 1136 699 1190 et
713 1129 843 1191 candida
858 1130 944 1193 cultu

260 1217 355 1276 Roma
369 1213 513 1275 salutavit
527 1232 602 1275 voce
617 1232 767 1291 manuque
783 1212 882 1275 deum.

218 1300 343 1362 Grande
357 1299 419 1359 loci
432 1300 575 1358 meritum
591 1303 745 1358 testantur
759 1304 791 1357 et
806 1296 905 1359 altera
921 1298 1021 1362 dona:

262 1386 330 1445 Stat
345 1402 432 1444 sacer
447 1389 480 1442 et
495 1382 619 1441 domitis
637 1383 780 1460 gentibus
795 1401 883 1443 arcus
899 1390 977 1444 ovat.

218 1469 278 1530 Hie
293 1468 407 1547 gemini
423 1485 532 1527 currus
551 1471 713 1526 numerant
728 1463 894 1546 elephanta
907 1467 1134 1549 frequentem,

178 1562 213 1615 10
263 1552 385 1612 Sufficit
399 1550 555 1610 immensis
571 1569 681 1610 aureus
694 1551 762 1628 ipse
776 1550 864 1628 iugis.

218 1637 304 1696 Haec
319 1644 368 1697 est
383 1635 475 1714 digna
490 1636 568 1712 tuis,
590 1634 790 1710 Germanice,
811 1639 901 1714 porta
916 1635 1109 1720 triumphia;

261 1720 327 1780 llos
343 1719 443 1780 aditus
458 1720 566 1779 urbem
580 1718 692 1779 Martis
706 1719 824 1778 habere
839 1716 941 1783 decet.
975 1758 979 1764 -

604 1851 709 1914 LXVI.

220 1971 357 2046 Augusto
373 1968 424 2046 pia
439 1973 507 2025 tura
523 1967 721 2044 victimasque

218 2054 280 2112 Pro
296 2057 398 2112 vestro
414 2048 485 2109 date
501 2049 592 2127 Silio,
616 2050 776 2109 Camenae.

221 2137 273 2196 Bis
288 2154 379 2195 senos
393 2134 480 2193 iubet
495 2153 533 2193 en
549 2132 654 2192 redire
669 2133 785 2209 fasces,

219 2221 297 2282 Nato
313 2217 454 2296 consule,
472 2216 631 2296 nobilique
645 2217 730 2295 virga

194 2305 309 2368 5Votis
325 2302 487 2364 Castaliam
503 2301 624 2360 domum
641 2317 761 2360 souare.

220 2391 335 2448 Rerum
348 2389 448 2467 primo
461 2386 541 2445 salus
557 2391 589 2444 et
603 2405 662 2444 una
678 2386 809 2461 Caesar,

220 2470 376 2531 Gaudenti
390 2476 534 2548 superest
548 2467 646 2527 adhuc
662 2467 743 2545 quod
759 2473 864 2547 optet,

218 2554 309 2616 Felix
324 2572 459 2632 purpura
472 2552 646 2628 tertiusque
662 2550 778 2613 consul.

219 2638 367 2718 Pompeio
385 2635 509 2697 dederit
523 2633 600 2693 licet
615 2640 738 2694 senatus

179 2724 262 2786 cont
277 2724 390 2783 Caesar
406 2740 521 2801 genero
537 2738 640 2779 sacros
655 2720 806 2797 honores,

221 2809 357 2884 Quorum
371 2808 515 2886 pacificus
532 2812 582 2864 ter
597 2802 752 2883 ampliavit

221 2892 308 2951 lanus
324 2893 459 2951 nomina:
483 2890 575 2950 Silius
592 2889 774 2965 frequentes

219 2975 337 3036 Mavult
349 2977 393 3035 sic
407 2990 570 3033 numerare
587 2970 769 3032 consulatus.

600 3095 718 3160 LXVII.

220 3213 321 3273 lloras
336 3213 471 3291 quinque
485 3230 564 3291 puer
581 3212 715 3272 noudum
731 3212 789 3273 tibi
801 3213 942 3289 nunciat,
957 3216 991 3272 et
1005 3216 1042 3276 iu

262 3296 324 3355 lam
339 3297 566 3373 convivamini,
589 3296 783 3374 Caeciliano,
805 3298 907 3374 venis,

222 3380 299 3442 (ium
314 3378 404 3439 modo
421 3379 598 3440 distulerint
614 3399 724 3440 raucae
739 3379 910 3441 vadimonia
926 3385 1058 3460 quartae

263 3465 305 3526 Et
319 3462 501 3526 Floralicias
515 3463 611 3527 lasset
626 3466 740 3525 harena
754 3466 847 3526 feras.
