2370 3924
326 244 666 307 EPIGRAMMATON
678 245 754 310 LIB.
771 246 837 312 vn.
1045 244 1105 313 tit

533 447 629 511 xcv.
713 426 717 432 ’

148 564 262 624 Bruma
276 566 326 622 est
339 567 372 622 et
384 560 468 639 riget
480 560 628 621 horridus
643 563 834 645 December,

148 645 255 708 Audes
266 651 301 706 tu
314 637 418 706 tamen
433 642 539 705 oseulo
555 643 650 706 nivali

148 729 264 791 Omnes
280 730 385 790 obrius
399 729 472 788 hinc
488 734 521 788 et
534 729 607 789 hinc
620 736 748 808 tenere,

147 815 190 876 Et
203 820 317 894 totam,
338 812 435 892 Line,
456 814 578 873 basiare
591 813 727 876 Romam.

121 896 231 975 bQuid
244 899 344 979 possis
362 897 543 976 graviusque
557 899 738 978 saeviusque

145 982 316 1043 Percussus
329 982 435 1041 facere
450 985 543 1059 atque
557 982 760 1042 verberatus?

146 1067 217 1126 Hoc
232 1084 282 1125 me
297 1065 417 1144 frigore
430 1066 531 1124 basiet
544 1082 604 1123 nec
616 1084 707 1140 uxor,

144 1148 273 1211 Blandis
286 1148 351 1208 filia
364 1166 424 1208 nec
438 1147 525 1207 rudis
542 1146 675 1210 labellis.

145 1231 211 1315 Sed
226 1239 261 1292 tn
276 1232 396 1293 dulcior
411 1229 663 1310 elegantiusque,

98 1330 139 1382 10
145 1318 241 1379 caius
254 1314 350 1377 livida
362 1316 489 1375 naribus
505 1316 623 1375 caninis

144 1399 311 1481 Dependet
324 1398 439 1478 glacies
452 1400 598 1479 rigetque
612 1400 723 1477 barba,

145 1483 276 1561 Qualem
290 1484 451 1544 forficibus
466 1484 556 1542 metit
570 1484 688 1562 supinis

145 1567 269 1629 Tonsor
283 1567 437 1647 Cinyphio
452 1564 535 1626 cilix
547 1567 668 1627 marito.

145 1653 279 1714 Centum
293 1669 460 1711 occurrere
474 1649 553 1710 malo
571 1648 771 1730 cunnilingis,

99 1737 183 1800 lollt
198 1733 323 1797 Gallum
336 1736 431 1795 timeo
446 1737 547 1795 minus
560 1740 731 1798 recentem.
765 1747 767 1752 ·
819 1791 821 1795 ,

143 1821 247 1896 Quere
262 1821 289 1880 si
302 1820 360 1880 tibi
377 1838 486 1880 sensus
502 1823 551 1878 est
564 1817 744 1900 pudorque,

142 1904 316 1983 Hibernas,
337 1903 433 1982 Line,
454 1905 660 1979 basiationes,

141 1988 178 2048 ln
191 2006 329 2050 mensem
341 2006 418 2068 rogo
434 1986 562 2048 differas
575 1985 727 2067 Aprilem.

544 2121 654 2185 XCVI.

142 2231 294 2295 conditus
308 2234 359 2294 bic
375 2252 432 2312 ego
447 2253 514 2293 sum
526 2234 614 2293 Bassi
629 2232 737 2312 dolor,
757 2234 891 2296 Urbicus
906 2236 1025 2314 infans,

187 2318 245 2379 cui
260 2336 357 2396 genus
372 2325 404 2378 et
420 2336 534 2378 nomen
549 2318 678 2377 maxime
691 2317 789 2378 Roma
805 2318 900 2379 dedit.

143 2400 205 2462 Sex
219 2403 294 2462 mihi
310 2402 350 2462 de
364 2403 463 2482 prima
478 2398 609 2460 deerant
623 2401 789 2463 trieteride
803 2422 943 2482 menses,

183 2485 347 2566 Ruperunt
360 2488 492 2546 tetricae
508 2506 576 2545 cum
589 2484 668 2545 mala
681 2505 778 2566 pensa
793 2487 880 2550 deae.

120 2569 228 2646 5Quid
243 2571 381 2650 species,
404 2568 479 2649 quid
492 2569 597 2648 lingua
611 2570 704 2648 mihi,
728 2572 802 2650 quid
814 2573 935 2652 profuit
954 2571 1060 2631 aetas?

183 2654 230 2713 Da
242 2653 384 2715 lacrimas
399 2651 533 2731 tumulo,
557 2650 704 2732 quilegie
719 2656 795 2734 ista,
816 2675 895 2717 meo.

142 2737 194 2798 Sic
209 2735 248 2797 ed
263 2735 433 2815 Lethaeas,
455 2738 517 2796 nisi
529 2735 663 2796 Nestore
679 2739 794 2816 serius,
813 2738 910 2798 undas

183 2820 253 2881 Non
271 2828 337 2901 eat,
358 2823 479 2902 optabis
495 2838 586 2899 quem
602 2836 766 2898 superesse
780 2822 848 2883 tibi.

516 2956 637 3019 xcvii.

140 3069 230 3130 Nosti
245 3070 367 3129 sibene
382 3068 540 3146 Caesium,
562 3066 690 3145 libelle,

139 3154 309 3214 Montanae
325 3151 418 3214 decus
433 3152 580 3213 Umbriae
596 3153 757 3231 Sabinum,

140 3235 214 3297 Auli
228 3238 412 3317 municipem
426 3238 488 3296 mei
503 3236 669 3314 Pudentis,

139 3319 190 3381 Illi
204 3327 238 3381 tu
254 3321 339 3381 dabis
354 3322 432 3380 huec
446 3318 497 3380 vel
513 3325 671 3400 occupato.

117 3405 261 3466 51nstent
274 3404 358 3464 mille
372 3404 450 3465 licet
465 3410 670 3486 premantque
686 3422 795 3483 curae,

138 3489 261 3550 Nostris
277 3490 461 3549 carminibus
475 3495 578 3550 tamen
592 3489 721 3550 vacabit.
