2370 3924
144 226 209 290 112
473 225 517 287 M.
534 225 624 288 VAL.
640 223 867 287 maurinus

603 392 609 404 ’
635 427 702 492 ιιι.

232 545 266 605 Si
280 551 383 606 tecum
396 545 487 621 mibi,
510 562 580 602 core
595 542 765 621 Martialis,

232 629 357 690 Securis
370 627 465 689 liceat
480 628 542 686 frui
557 626 681 705 diebus,

230 713 266 772 Si
280 712 447 793 disponere
461 718 584 790 tempus
600 713 731 771 otiosum

136 780 148 905 J
155 784 171 907 s
230 796 272 857 Et
287 815 379 857 verae
392 797 512 876 pariter
525 813 634 854 vacare
648 796 744 856 vitae:

206 880 297 940 bNec
312 900 368 940 nos
384 880 478 955 atria,
499 897 558 938 neo
574 877 680 945 domos
694 883 874 958 potentum,

231 963 297 1023 Neo
310 962 383 1023 lites
398 964 526 1022 tetricas
540 962 703 1041 forumque
717 963 808 1022 triste

233 1046 417 1122 Nossemus,
439 1064 497 1106 neo
510 1047 659 1124 imagines
674 1047 839 1126 superbas3

98 1128 103 1205 l
233 1129 296 1189 Sed
312 1132 460 1210 gestatio,
479 1128 619 1206 fabulae,
640 1128 759 1232 libelli,

100 1220 104 1297 Ῑ
124 1214 170 1273 i
233 1215 382 1295 Campus,
405 1215 559 1294 porticus,
581 1215 705 1290 umbra,
726 1215 829 1292 virgo,
849 1214 1012 1293 thermae,

100 1302 103 1331 ³
159 1278 317 1361 ¹10Haee
333 1305 438 1359 essent
453 1296 522 1356 loca
536 1316 675 1377 semper,
697 1299 730 1357 hi
743 1296 877 1359 labores.
927 1318 930 1324 ·

232 1382 320 1442 Nunc
335 1384 409 1442 vivit
423 1386 554 1441 necuter
568 1383 628 1441 sibi
643 1383 802 1458 bonosque

232 1464 324 1526 Soles
340 1467 478 1544 effugere
494 1472 586 1543 atque
602 1467 687 1524 abire
703 1467 814 1543 sentit,

233 1551 291 1627 Qui
306 1552 394 1610 nobis
408 1556 541 1630 pereunt
556 1556 588 1609 et
602 1552 799 1629 imputentur.

233 1635 398 1714 Quisquam
413 1635 517 1694 uivere
532 1653 599 1694 oum
615 1635 706 1711 sciat,
729 1630 887 1692 moratur?

626 1767 707 1830 XXI.

233 1880 380 1954 Quintum
394 1900 451 1960 pro
467 1879 610 1957 Decimo,
632 1899 689 1960 pro
706 1879 835 1955 Crasso,
857 1879 993 1960 Regulo,
1019 1881 1158 1943 Macrum

274 1964 356 2022 Ante
372 1965 522 2024 salutabat
538 1965 647 2023 rhetor
662 1960 877 2043 Apollodotus.

230 2046 318 2106 Nunc
333 2055 496 2126 utrumque
511 2067 565 2107 suo
580 2046 729 2107 resalutat
743 2048 877 2110 nomine.
912 2047 1072 2124 Quantum

275 2132 357 2191 Cura
371 2130 522 2210 laborque
540 2133 659 2212 potest!
691 2132 879 2210 Scripserat,
903 2136 936 2191 et
950 2130 1074 2193 didicit.

622 2266 714 2327 XXll.

109 2425 112 2429 .
232 2379 326 2440 Mane
342 2378 424 2438 domi
439 2380 498 2438 nisl
512 2386 544 2438 te
560 2379 643 2439 uolui
657 2381 817 2458 meruique
832 2378 955 2457 videre,

276 2463 346 2522 Sint
360 2463 451 2540 mihi,
467 2460 581 2540 Paule,
600 2470 672 2523 tuae
686 2463 808 2543 lougius
821 2462 991 2542 Esquiliae.

231 2545 296 2605 Sed
311 2547 494 2605 Tiburtinae
511 2566 575 2605 sum
591 2549 746 2626 proximus
763 2547 865 2608 accola
878 2545 980 2628 pilae,

274 2632 341 2707 Qua
354 2629 440 2689 videt
454 2631 610 2708 antiquum
626 2632 740 2690 rustica
753 2630 847 2692 Flora
861 2632 979 2693 Iovem:

206 2713 299 2774 snlta
314 2716 465 2775 Suburani
479 2715 629 2775 vincendo
644 2722 693 2775 est
706 2718 814 2776 semita
830 2715 900 2777 clivi

272 2800 314 2859 Et
327 2820 480 2880 nunquam
495 2801 577 2860 sicco
593 2799 717 2860 sordida
733 2819 803 2860 saxo
817 2799 930 2880 gradu,

232 2883 353 2962 Vixque
369 2884 458 2945 datur
473 2883 581 2962 longas
594 2885 745 2945 mulorum
759 2903 905 2964 rumpere
922 2882 1068 2946 mandras
1099 2889 1107 2904 ⁰

275 2969 423 3046 Quaeque
438 2970 520 3027 trahi
536 2967 632 3029 multo
648 2989 798 3029 marmore
812 2968 886 3029 fune
901 2967 999 3030 vides.

231 3048 312 3108 lllud
327 3050 426 3111 adhuc
440 3053 576 3128 gravius,
600 3052 682 3130 quod
696 3064 728 3112 te
742 3060 813 3132 post
828 3052 915 3114 mille
928 3054 1075 3131 labores,

191 3143 224 3194 10
272 3131 385 3211 Paule,
407 3141 506 3236 negat·
513 3132 593 3194 lasso
609 3137 722 3196 innitor
738 3155 807 3197 esse
823 3136 915 3199 domi.

230 3218 338 3276 Exitus
352 3218 403 3277 hio
419 3220 523 3296 operis
539 3239 608 3278 vans
599 3219 807 3300 togulaeque
822 3220 991 3281 madentis.

273 3301 332 3362 Vix
348 3303 428 3361 tenti
442 3301 570 3364 Paulum
586 3323 674 3364 mane
690 3305 797 3365 videre
815 3306 883 3367 fuit.

229 3384 360 3464 Semper
374 3386 554 3448 inhumanos
568 3390 662 3449 habet
679 3389 833 3449 officiosus
850 3390 978 3450 amicos:

274 3469 354 3547 Rex,
376 3473 436 3531 nisi
452 3471 631 3554 dormieris,
654 3493 716 3532 non
733 3481 823 3553 potes
840 3492 909 3535 esse
925 3492 1022 3539 meus.
