<?xml version="1.0" encoding="UTF-8"?>
<!DOCTYPE html PUBLIC "-//W3C//DTD XHTML 1.0 Transitional//EN"
    "http://www.w3.org/TR/xhtml1/DTD/xhtml1-transitional.dtd">
<html xmlns="http://www.w3.org/1999/xhtml" xml:lang="en" lang="en">
 <head>
  <title>
</title>
<meta http-equiv="Content-Type" content="text/html;charset=utf-8" />
  <meta name='ocr-system' content='tesseract 3.04.00' />
  <meta name='ocr-capabilities' content='ocr_page ocr_carea ocr_par ocr_line ocrx_word'/>
</head>
<body>
  <div class='ocr_page' id='page_1' title='image "./epigrammatonlib02martgoog_0091.png"; bbox 0 0 2370 3924; ppageno 0'>
   <div class='ocr_carea' id='block_1_1' title="bbox 90 219 809 286">
    <p class='ocr_par' dir='ltr' id='par_1_1' title="bbox 90 219 809 286">
     <span class='ocr_line' id='line_1_1' title="bbox 90 219 809 286; baseline -0.007 0"><span class='ocrx_word' id='word_1_1' title='bbox 90 223 132 286; x_wconf 88' lang='grc'><strong>66</strong></span> <span class='ocrx_word' id='word_1_2' title='bbox 415 222 459 284; x_wconf 93' lang='grc' dir='ltr'><strong>Μ.</strong></span> <span class='ocrx_word' id='word_1_3' title='bbox 475 220 566 284; x_wconf 86' lang='lat' dir='ltr'><strong>VAL.</strong></span> <span class='ocrx_word' id='word_1_4' title='bbox 581 219 809 282; x_wconf 82' lang='lat' dir='ltr'>MARTIALIS</span> 
     </span>
    </p>
   </div>
   <div class='ocr_carea' id='block_1_2' title="bbox 155 369 1087 622">
    <p class='ocr_par' dir='ltr' id='par_1_2' title="bbox 155 369 1087 622">
     <span class='ocr_line' id='line_1_2' title="bbox 215 369 882 453; baseline 0.001 -17"><span class='ocrx_word' id='word_1_5' title='bbox 215 375 258 436; x_wconf 83' lang='lat' dir='ltr'><strong>Et</strong></span> <span class='ocrx_word' id='word_1_6' title='bbox 272 394 325 434; x_wconf 88' lang='lat' dir='ltr'><strong>cor</strong></span> <span class='ocrx_word' id='word_1_7' title='bbox 340 372 422 434; x_wconf 83' lang='lat' dir='ltr'><strong>solur</strong></span> <span class='ocrx_word' id='word_1_8' title='bbox 437 374 549 453; x_wconf 81' lang='lat' dir='ltr'><strong>habeo,</strong></span> <span class='ocrx_word' id='word_1_9' title='bbox 572 369 657 433; x_wconf 76' lang='lat' dir='ltr'><strong>soluo</strong></span> <span class='ocrx_word' id='word_1_10' title='bbox 669 378 702 433; x_wconf 89' lang='lat' dir='ltr'><strong>et</strong></span> <span class='ocrx_word' id='word_1_11' title='bbox 715 373 882 451; x_wconf 78' lang='lat' dir='ltr'><strong>ingenium.</strong></span> 
     </span>
     <span class='ocr_line' id='line_1_3' title="bbox 155 454 1087 538; baseline -0.001 -18"><span class='ocrx_word' id='word_1_12' title='bbox 155 459 290 520; x_wconf 81' lang='lat' dir='ltr'><strong>50muIa</strong></span> <span class='ocrx_word' id='word_1_13' title='bbox 304 456 387 518; x_wconf 79' lang='lat' dir='ltr'><strong>soluo</strong></span> <span class='ocrx_word' id='word_1_14' title='bbox 401 459 497 518; x_wconf 82' lang='lat' dir='ltr'><strong>habeo</strong></span> <span class='ocrx_word' id='word_1_15' title='bbox 512 490 553 502; x_wconf 89' lang='lat'><em>-</em></span> <span class='ocrx_word' id='word_1_16' title='bbox 568 457 628 516; x_wconf 91' lang='lat' dir='ltr'><strong>hoc</strong></span> <span class='ocrx_word' id='word_1_17' title='bbox 642 475 691 516; x_wconf 89' lang='lat' dir='ltr'><strong>me</strong></span> <span class='ocrx_word' id='word_1_18' title='bbox 706 462 780 537; x_wconf 86' lang='lat' dir='ltr'><strong>puta</strong></span> <span class='ocrx_word' id='word_1_19' title='bbox 794 454 877 517; x_wconf 85' lang='lat' dir='ltr'><strong>velle</strong></span> <span class='ocrx_word' id='word_1_20' title='bbox 894 459 1030 538; x_wconf 78' lang='lat' dir='ltr'><strong>negore!</strong></span> <span class='ocrx_word' id='word_1_21' title='bbox 1045 492 1087 506; x_wconf 90' lang='lat'>-</span> 
     </span>
     <span class='ocr_line' id='line_1_4' title="bbox 214 537 960 622; baseline -0.001 -19"><span class='ocrx_word' id='word_1_22' title='bbox 214 542 351 603; x_wconf 85' lang='lat' dir='ltr'>Uxorem</span> <span class='ocrx_word' id='word_1_23' title='bbox 368 540 425 604; x_wconf 85' lang='lat' dir='ltr'><strong>sed</strong></span> <span class='ocrx_word' id='word_1_24' title='bbox 438 542 550 619; x_wconf 85' lang='lat' dir='ltr'><strong>habeo,</strong></span> <span class='ocrx_word' id='word_1_25' title='bbox 573 539 728 619; x_wconf 79' lang='lat' dir='ltr'><strong>Candido,</strong></span> <span class='ocrx_word' id='word_1_26' title='bbox 753 560 820 600; x_wconf 92' lang='lat' dir='ltr'><strong>cum</strong></span> <span class='ocrx_word' id='word_1_27' title='bbox 832 537 960 622; x_wconf 84' lang='lat' dir='ltr'><strong>populo.</strong></span> 
     </span>
    </p>
   </div>
   <div class='ocr_carea' id='block_1_3' title="bbox 553 687 676 752">
    <p class='ocr_par' dir='ltr' id='par_1_3' title="bbox 553 687 676 752">
     <span class='ocr_line' id='line_1_5' title="bbox 553 687 676 752; baseline 0.033 -4"><span class='ocrx_word' id='word_1_28' title='bbox 553 687 676 752; x_wconf 88' lang='lat' dir='ltr'>XXVII.</span> 
     </span>
    </p>
   </div>
   <div class='ocr_carea' id='block_1_4' title="bbox 173 804 1084 1137">
    <p class='ocr_par' dir='ltr' id='par_1_4' title="bbox 173 804 1029 968">
     <span class='ocr_line' id='line_1_6' title="bbox 173 804 1029 885; baseline 0.001 -19"><span class='ocrx_word' id='word_1_29' title='bbox 173 804 334 885; x_wconf 82' lang='lat' dir='ltr'>Nunquam</span> <span class='ocrx_word' id='word_1_30' title='bbox 348 824 398 865; x_wconf 87' lang='lat' dir='ltr'><strong>me</strong></span> <span class='ocrx_word' id='word_1_31' title='bbox 411 823 555 883; x_wconf 77' lang='lat' dir='ltr'><strong>revocao,</strong></span> <span class='ocrx_word' id='word_1_32' title='bbox 576 804 681 864; x_wconf 79' lang='lat' dir='ltr'><strong>venioo</strong></span> <span class='ocrx_word' id='word_1_33' title='bbox 698 823 765 863; x_wconf 91' lang='lat' dir='ltr'><strong>cum</strong></span> <span class='ocrx_word' id='word_1_34' title='bbox 780 823 873 885; x_wconf 82' lang='lat' dir='ltr'><strong>ocepc</strong></span> <span class='ocrx_word' id='word_1_35' title='bbox 885 812 1029 867; x_wconf 83' lang='lat' dir='ltr'><strong>vocatus:</strong></span> 
     </span>
     <span class='ocr_line' id='line_1_7' title="bbox 215 886 910 968; baseline -0.003 -18"><span class='ocrx_word' id='word_1_36' title='bbox 215 891 360 968; x_wconf 81' lang='lat' dir='ltr'><strong>Ignosco,</strong></span> <span class='ocrx_word' id='word_1_37' title='bbox 381 886 499 949; x_wconf 90' lang='lat' dir='ltr'><strong>nullum</strong></span> <span class='ocrx_word' id='word_1_38' title='bbox 512 889 539 948; x_wconf 84' lang='lat' dir='ltr'><strong>oi</strong></span> <span class='ocrx_word' id='word_1_39' title='bbox 553 887 660 967; x_wconf 84' lang='lat' dir='ltr'><strong>modo,</strong></span> <span class='ocrx_word' id='word_1_40' title='bbox 682 886 790 968; x_wconf 81' lang='lat' dir='ltr'><strong>Galle,</strong></span> <span class='ocrx_word' id='word_1_41' title='bbox 812 908 910 950; x_wconf 77' lang='lat' dir='ltr'><strong>vocuo.</strong></span> 
     </span>
    </p>

    <p class='ocr_par' dir='ltr' id='par_1_5' title="bbox 173 970 1084 1137">
     <span class='ocr_line' id='line_1_8' title="bbox 173 970 1084 1056; baseline 0.004 -24"><span class='ocrx_word' id='word_1_42' title='bbox 173 973 286 1034; x_wconf 81' lang='lat' dir='ltr'><strong>Invitae</strong></span> <span class='ocrx_word' id='word_1_43' title='bbox 299 972 389 1034; x_wconf 73' lang='lat' dir='ltr'><strong>alim:</strong></span> <span class='ocrx_word' id='word_1_44' title='bbox 412 973 518 1032; x_wconf 87' lang='lat' dir='ltr'><strong>vitium</strong></span> <span class='ocrx_word' id='word_1_45' title='bbox 533 977 583 1032; x_wconf 85' lang='lat' dir='ltr'><strong>eot</strong></span> <span class='ocrx_word' id='word_1_46' title='bbox 597 973 768 1051; x_wconf 78' lang='lat' dir='ltr'><strong>utriusque.</strong></span> <span class='ocrx_word' id='word_1_47' title='bbox 796 970 908 1051; x_wconf 78' lang='lat' dir='ltr'><strong>„Quod</strong></span> <span class='ocrx_word' id='word_1_48' title='bbox 916 971 956 1033; x_wconf 72' lang='lat'><strong>‘.³“</strong></span> <span class='ocrx_word' id='word_1_49' title='bbox 968 974 1084 1056; x_wconf 83' lang='lat' dir='ltr'><strong>inquio.</strong></span> 
     </span>
     <span class='ocr_line' id='line_1_9' title="bbox 214 1055 977 1137; baseline -0.001 -18"><span class='ocrx_word' id='word_1_50' title='bbox 214 1057 257 1119; x_wconf 85' lang='lat' dir='ltr'><strong>Et</strong></span> <span class='ocrx_word' id='word_1_51' title='bbox 270 1057 346 1117; x_wconf 92' lang='lat' dir='ltr'><strong>mihi</strong></span> <span class='ocrx_word' id='word_1_52' title='bbox 361 1076 415 1118; x_wconf 89' lang='lat' dir='ltr'><strong>cor</strong></span> <span class='ocrx_word' id='word_1_53' title='bbox 430 1076 493 1115; x_wconf 92' lang='lat' dir='ltr'><strong>non</strong></span> <span class='ocrx_word' id='word_1_54' title='bbox 506 1061 571 1134; x_wconf 82' lang='lat' dir='ltr'><strong>est,</strong></span> <span class='ocrx_word' id='word_1_55' title='bbox 594 1057 715 1134; x_wconf 73' lang='lat' dir='ltr'><strong>earini,</strong></span> <span class='ocrx_word' id='word_1_56' title='bbox 738 1055 844 1135; x_wconf 85' lang='lat' dir='ltr'><strong>Galle,</strong></span> <span class='ocrx_word' id='word_1_57' title='bbox 866 1055 977 1137; x_wconf 87' lang='lat' dir='ltr'><strong>pudor.</strong></span> 
     </span>
    </p>
   </div>
   <div class='ocr_carea' id='block_1_5' title="bbox 537 1204 674 1268">
    <p class='ocr_par' dir='ltr' id='par_1_6' title="bbox 537 1204 674 1268">
     <span class='ocr_line' id='line_1_10' title="bbox 537 1204 674 1268; baseline 0.022 -3"><span class='ocrx_word' id='word_1_58' title='bbox 537 1204 674 1268; x_wconf 90' lang='lat' dir='ltr'>XXVIII.</span> 
     </span>
    </p>
   </div>
   <div class='ocr_carea' id='block_1_6' title="bbox 172 1322 983 1487">
    <p class='ocr_par' dir='ltr' id='par_1_7' title="bbox 172 1322 983 1487">
     <span class='ocr_line' id='line_1_11' title="bbox 172 1322 864 1403; baseline 0 -18"><span class='ocrx_word' id='word_1_59' title='bbox 172 1323 351 1385; x_wconf 83' lang='lat' dir='ltr'><strong>Auriculam</strong></span> <span class='ocrx_word' id='word_1_60' title='bbox 365 1323 467 1386; x_wconf 90' lang='lat' dir='ltr'><strong>Mario</strong></span> <span class='ocrx_word' id='word_1_61' title='bbox 483 1324 618 1403; x_wconf 86' lang='lat' dir='ltr'><strong>graviter</strong></span> <span class='ocrx_word' id='word_1_62' title='bbox 632 1323 753 1383; x_wconf 82' lang='lat' dir='ltr'><strong>miraris</strong></span> <span class='ocrx_word' id='word_1_63' title='bbox 769 1322 864 1386; x_wconf 84' lang='lat' dir='ltr'><strong>olere.</strong></span> 
     </span>
     <span class='ocr_line' id='line_1_12' title="bbox 214 1405 983 1487; baseline 0.001 -19"><span class='ocrx_word' id='word_1_64' title='bbox 214 1409 263 1468; x_wconf 73' lang='lat' dir='ltr'><strong>&#39;I&#39;u</strong></span> <span class='ocrx_word' id='word_1_65' title='bbox 277 1409 354 1469; x_wconf 83' lang='lat' dir='ltr'><strong>facio</strong></span> <span class='ocrx_word' id='word_1_66' title='bbox 371 1409 446 1469; x_wconf 89' lang='lat' dir='ltr'><strong>hoc:</strong></span> <span class='ocrx_word' id='word_1_67' title='bbox 470 1409 586 1487; x_wconf 83' lang='lat' dir='ltr'><strong>garris,</strong></span> <span class='ocrx_word' id='word_1_68' title='bbox 607 1405 738 1486; x_wconf 83' lang='lat' dir='ltr'><strong>Nestor,</strong></span> <span class='ocrx_word' id='word_1_69' title='bbox 759 1409 792 1467; x_wconf 91' lang='lat' dir='ltr'><strong>in</strong></span> <span class='ocrx_word' id='word_1_70' title='bbox 807 1405 983 1470; x_wconf 85' lang='lat' dir='ltr'><strong>auriculam.</strong></span> 
     </span>
    </p>
   </div>
   <div class='ocr_carea' id='block_1_7' title="bbox 554 1539 661 1603">
    <p class='ocr_par' dir='ltr' id='par_1_8' title="bbox 554 1539 661 1603">
     <span class='ocr_line' id='line_1_13' title="bbox 554 1539 661 1603; baseline 0.009 -1"><span class='ocrx_word' id='word_1_71' title='bbox 554 1539 661 1603; x_wconf 89' lang='lat' dir='ltr'>XXIX.</span> 
     </span>
    </p>
   </div>
   <div class='ocr_carea' id='block_1_8' title="bbox 170 1654 911 1819">
    <p class='ocr_par' dir='ltr' id='par_1_9' title="bbox 170 1654 911 1819">
     <span class='ocr_line' id='line_1_14' title="bbox 170 1654 911 1737; baseline -0.001 -22"><span class='ocrx_word' id='word_1_72' title='bbox 170 1655 235 1716; x_wconf 81' lang='lat' dir='ltr'><strong>Has</strong></span> <span class='ocrx_word' id='word_1_73' title='bbox 250 1676 318 1717; x_wconf 93' lang='lat' dir='ltr'><strong>cum</strong></span> <span class='ocrx_word' id='word_1_74' title='bbox 332 1658 454 1736; x_wconf 82' lang='lat' dir='ltr'><strong>gemino</strong></span> <span class='ocrx_word' id='word_1_75' title='bbox 468 1654 618 1737; x_wconf 82' lang='lat' dir='ltr'><strong>compede</strong></span> <span class='ocrx_word' id='word_1_76' title='bbox 633 1654 758 1714; x_wconf 78' lang='lat' dir='ltr'><strong>dedicat</strong></span> <span class='ocrx_word' id='word_1_77' title='bbox 771 1659 911 1734; x_wconf 80' lang='lat' dir='ltr'><strong>catenae,</strong></span> 
     </span>
     <span class='ocr_line' id='line_1_15' title="bbox 172 1737 816 1819; baseline 0.002 -21"><span class='ocrx_word' id='word_1_78' title='bbox 172 1739 321 1819; x_wconf 88' lang='lat' dir='ltr'><strong>Saturno,</strong></span> <span class='ocrx_word' id='word_1_79' title='bbox 342 1743 402 1802; x_wconf 91' lang='lat' dir='ltr'><strong>tibi</strong></span> <span class='ocrx_word' id='word_1_80' title='bbox 416 1739 540 1818; x_wconf 82' lang='lat' dir='ltr'><strong>Zoilus,</strong></span> <span class='ocrx_word' id='word_1_81' title='bbox 562 1737 669 1799; x_wconf 84' lang='lat' dir='ltr'><strong>anulos</strong></span> <span class='ocrx_word' id='word_1_82' title='bbox 685 1740 816 1819; x_wconf 78' lang='lat' dir='ltr'><strong>prioreo.</strong></span> 
     </span>
    </p>
   </div>
   <div class='ocr_carea' id='block_1_9' title="bbox 554 1886 649 1947">
    <p class='ocr_par' dir='ltr' id='par_1_10' title="bbox 554 1886 649 1947">
     <span class='ocr_line' id='line_1_16' title="bbox 554 1886 649 1947; baseline 0.011 -1"><span class='ocrx_word' id='word_1_83' title='bbox 554 1886 649 1947; x_wconf 86' lang='lat' dir='ltr'>XXX.</span> 
     </span>
    </p>
   </div>
   <div class='ocr_carea' id='block_1_10' title="bbox 148 1993 990 2495">
    <p class='ocr_par' dir='ltr' id='par_1_11' title="bbox 148 1993 990 2495">
     <span class='ocr_line' id='line_1_17' title="bbox 171 1993 981 2077; baseline 0.002 -21"><span class='ocrx_word' id='word_1_84' title='bbox 171 1994 318 2077; x_wconf 81' lang='lat' dir='ltr'><strong>Sportula</strong></span> <span class='ocrx_word' id='word_1_85' title='bbox 331 1993 417 2055; x_wconf 92' lang='lat' dir='ltr'><strong>nulla</strong></span> <span class='ocrx_word' id='word_1_86' title='bbox 432 1993 539 2070; x_wconf 83' lang='lat' dir='ltr'><strong>datur3</strong></span> <span class='ocrx_word' id='word_1_87' title='bbox 561 1996 657 2074; x_wconf 82' lang='lat' dir='ltr'><strong>gratio</strong></span> <span class='ocrx_word' id='word_1_88' title='bbox 672 1997 796 2057; x_wconf 71' lang='lat' dir='ltr'><strong>connire</strong></span> <span class='ocrx_word' id='word_1_89' title='bbox 811 1998 981 2058; x_wconf 83' lang='lat' dir='ltr'><strong>recumbis:</strong></span> 
     </span>
     <span class='ocr_line' id='line_1_18' title="bbox 211 2078 956 2160; baseline 0 -20"><span class='ocrx_word' id='word_1_90' title='bbox 211 2081 269 2141; x_wconf 88' lang='lat' dir='ltr'><strong>Dic</strong></span> <span class='ocrx_word' id='word_1_91' title='bbox 283 2080 374 2158; x_wconf 86' lang='lat' dir='ltr'><strong>mihi,</strong></span> <span class='ocrx_word' id='word_1_92' title='bbox 398 2078 471 2160; x_wconf 88' lang='lat' dir='ltr'><strong>quid</strong></span> <span class='ocrx_word' id='word_1_93' title='bbox 485 2079 618 2158; x_wconf 84' lang='lat' dir='ltr'><strong>Romae,</strong></span> <span class='ocrx_word' id='word_1_94' title='bbox 640 2079 834 2159; x_wconf 83' lang='lat' dir='ltr'><strong>Gargiliane,</strong></span> <span class='ocrx_word' id='word_1_95' title='bbox 856 2080 956 2140; x_wconf 73' lang='lat' dir='ltr'><strong>fucis?</strong></span> 
     </span>
     <span class='ocr_line' id='line_1_19' title="bbox 169 2162 945 2243; baseline -0.001 -19"><span class='ocrx_word' id='word_1_96' title='bbox 169 2163 261 2225; x_wconf 87' lang='lat' dir='ltr'><strong>Unde</strong></span> <span class='ocrx_word' id='word_1_97' title='bbox 279 2165 337 2225; x_wconf 92' lang='lat' dir='ltr'><strong>tibi</strong></span> <span class='ocrx_word' id='word_1_98' title='bbox 351 2164 457 2242; x_wconf 86' lang='lat' dir='ltr'><strong>togula</strong></span> <span class='ocrx_word' id='word_1_99' title='bbox 471 2169 519 2224; x_wconf 84' lang='lat' dir='ltr'><strong>cst</strong></span> <span class='ocrx_word' id='word_1_100' title='bbox 533 2169 566 2223; x_wconf 85' lang='lat' dir='ltr'><strong>ot</strong></span> <span class='ocrx_word' id='word_1_101' title='bbox 581 2164 686 2223; x_wconf 82' lang='lat' dir='ltr'><strong>fuscae</strong></span> <span class='ocrx_word' id='word_1_102' title='bbox 699 2165 807 2243; x_wconf 71' lang='lat' dir='ltr'><strong>pensio</strong></span> <span class='ocrx_word' id='word_1_103' title='bbox 823 2162 945 2223; x_wconf 77' lang='lat' dir='ltr'><strong>cellae?</strong></span> 
     </span>
     <span class='ocr_line' id='line_1_20' title="bbox 211 2246 990 2327; baseline 0.001 -18"><span class='ocrx_word' id='word_1_104' title='bbox 211 2247 303 2309; x_wconf 87' lang='lat' dir='ltr'><strong>Unde</strong></span> <span class='ocrx_word' id='word_1_105' title='bbox 321 2247 411 2308; x_wconf 86' lang='lat' dir='ltr'><strong>datur</strong></span> <span class='ocrx_word' id='word_1_106' title='bbox 426 2246 602 2327; x_wconf 73' lang='lat' dir='ltr'><strong>quadrans?</strong></span> <span class='ocrx_word' id='word_1_107' title='bbox 622 2246 705 2307; x_wconf 88' lang='lat' dir='ltr'><strong>unde</strong></span> <span class='ocrx_word' id='word_1_108' title='bbox 720 2248 767 2307; x_wconf 87' lang='lat' dir='ltr'><strong>vir</strong></span> <span class='ocrx_word' id='word_1_109' title='bbox 782 2248 990 2310; x_wconf 71' lang='lat' dir='ltr'><strong>cocciones?</strong></span> 
     </span>
     <span class='ocr_line' id='line_1_21' title="bbox 148 2331 881 2411; baseline -0.003 -18"><span class='ocrx_word' id='word_1_110' title='bbox 148 2331 248 2393; x_wconf 81' lang='lat' dir='ltr'><strong>50um</strong></span> <span class='ocrx_word' id='word_1_111' title='bbox 262 2333 383 2392; x_wconf 83' lang='lat' dir='ltr'><strong>ratione</strong></span> <span class='ocrx_word' id='word_1_112' title='bbox 398 2332 474 2392; x_wconf 86' lang='lat' dir='ltr'><strong>licet</strong></span> <span class='ocrx_word' id='word_1_113' title='bbox 489 2331 571 2391; x_wconf 85' lang='lat' dir='ltr'><strong>dicas</strong></span> <span class='ocrx_word' id='word_1_114' title='bbox 584 2337 617 2391; x_wconf 90' lang='lat' dir='ltr'><strong>te</strong></span> <span class='ocrx_word' id='word_1_115' title='bbox 632 2332 736 2391; x_wconf 80' lang='lat' dir='ltr'><strong>virere</strong></span> <span class='ocrx_word' id='word_1_116' title='bbox 751 2351 881 2411; x_wconf 70' lang='lat' dir='ltr'><strong>summa,</strong></span> 
     </span>
     <span class='ocr_line' id='line_1_22' title="bbox 213 2413 831 2495; baseline -0.002 -20"><span class='ocrx_word' id='word_1_117' title='bbox 213 2413 303 2492; x_wconf 81' lang='lat' dir='ltr'><strong>Quod</strong></span> <span class='ocrx_word' id='word_1_118' title='bbox 318 2416 410 2495; x_wconf 75' lang='lat' dir='ltr'><strong>vivia,</strong></span> <span class='ocrx_word' id='word_1_119' title='bbox 430 2415 516 2475; x_wconf 87' lang='lat' dir='ltr'><strong>nulla</strong></span> <span class='ocrx_word' id='word_1_120' title='bbox 531 2435 598 2475; x_wconf 87' lang='lat' dir='ltr'><strong>oum</strong></span> <span class='ocrx_word' id='word_1_121' title='bbox 612 2416 732 2477; x_wconf 87' lang='lat' dir='ltr'><strong>ratione</strong></span> <span class='ocrx_word' id='word_1_122' title='bbox 746 2415 831 2475; x_wconf 83' lang='lat' dir='ltr'><strong>focio.</strong></span> 
     </span>
    </p>
   </div>
   <div class='ocr_carea' id='block_1_11' title="bbox 553 2563 662 2628">
    <p class='ocr_par' dir='ltr' id='par_1_12' title="bbox 553 2563 662 2628">
     <span class='ocr_line' id='line_1_23' title="bbox 553 2563 662 2628; baseline 0.046 -5"><span class='ocrx_word' id='word_1_123' title='bbox 553 2563 662 2628; x_wconf 89' lang='lat' dir='ltr'>XXXI.</span> 
     </span>
    </p>
   </div>
   <div class='ocr_carea' id='block_1_12' title="bbox 144 2668 995 3179">
    <p class='ocr_par' dir='ltr' id='par_1_13' title="bbox 144 2668 995 3179">
     <span class='ocr_line' id='line_1_24' title="bbox 169 2668 885 2760; baseline 0 -21"><span class='ocrx_word' id='word_1_124' title='bbox 169 2678 248 2739; x_wconf 87' lang='lat' dir='ltr'><strong>Sunt</strong></span> <span class='ocrx_word' id='word_1_125' title='bbox 261 2679 336 2756; x_wconf 83' lang='lat' dir='ltr'><strong>tibi,</strong></span> <span class='ocrx_word' id='word_1_126' title='bbox 358 2679 528 2757; x_wconf 83' lang='lat' dir='ltr'><strong>confiteor,</strong></span> <span class='ocrx_word' id='word_1_127' title='bbox 548 2668 653 2739; x_wconf 77' lang='lat' dir='ltr'><strong>diffu&#39;si</strong></span> <span class='ocrx_word' id='word_1_128' title='bbox 668 2681 775 2758; x_wconf 81' lang='lat' dir='ltr'><strong>iugera</strong></span> <span class='ocrx_word' id='word_1_129' title='bbox 788 2681 885 2760; x_wconf 88' lang='lat' dir='ltr'><strong>campi</strong></span> 
     </span>
     <span class='ocr_line' id='line_1_25' title="bbox 208 2762 875 2843; baseline -0.001 -20"><span class='ocrx_word' id='word_1_130' title='bbox 208 2763 388 2842; x_wconf 81' lang='lat' dir='ltr'><strong>Urbanique</strong></span> <span class='ocrx_word' id='word_1_131' title='bbox 401 2768 512 2823; x_wconf 87' lang='lat' dir='ltr'><strong>tenent</strong></span> <span class='ocrx_word' id='word_1_132' title='bbox 525 2763 652 2843; x_wconf 83' lang='lat' dir='ltr'><strong>praedia</strong></span> <span class='ocrx_word' id='word_1_133' title='bbox 666 2762 762 2824; x_wconf 86' lang='lat' dir='ltr'><strong>multa</strong></span> <span class='ocrx_word' id='word_1_134' title='bbox 776 2762 875 2842; x_wconf 74' lang='lat' dir='ltr'><strong>laren,</strong></span> 
     </span>
     <span class='ocr_line' id='line_1_26' title="bbox 167 2846 914 2909; baseline -0.001 0"><span class='ocrx_word' id='word_1_135' title='bbox 167 2847 209 2909; x_wconf 80' lang='lat' dir='ltr'><strong>Et</strong></span> <span class='ocrx_word' id='word_1_136' title='bbox 224 2848 320 2907; x_wconf 70' lang='lat' dir='ltr'><strong>servit</strong></span> <span class='ocrx_word' id='word_1_137' title='bbox 334 2846 475 2907; x_wconf 90' lang='lat' dir='ltr'><strong>dominae</strong></span> <span class='ocrx_word' id='word_1_138' title='bbox 489 2866 670 2909; x_wconf 82' lang='lat' dir='ltr'><strong>numerosus</strong></span> <span class='ocrx_word' id='word_1_139' title='bbox 686 2846 810 2908; x_wconf 88' lang='lat' dir='ltr'><strong>debitor</strong></span> <span class='ocrx_word' id='word_1_140' title='bbox 825 2867 914 2908; x_wconf 86' lang='lat' dir='ltr'><strong>arcae</strong></span> 
     </span>
     <span class='ocr_line' id='line_1_27' title="bbox 210 2930 852 3011; baseline 0.003 -21"><span class='ocrx_word' id='word_1_141' title='bbox 210 2930 431 3009; x_wconf 84' lang='lat' dir='ltr'><strong>Sustentatque</strong></span> <span class='ocrx_word' id='word_1_142' title='bbox 446 2937 515 2990; x_wconf 82' lang='lat' dir='ltr'><strong>tuas</strong></span> <span class='ocrx_word' id='word_1_143' title='bbox 529 2951 621 2991; x_wconf 86' lang='lat' dir='ltr'><strong>aurea</strong></span> <span class='ocrx_word' id='word_1_144' title='bbox 636 2950 733 2991; x_wconf 79' lang='lat' dir='ltr'><strong>masan</strong></span> <span class='ocrx_word' id='word_1_145' title='bbox 748 2930 852 3011; x_wconf 74' lang='lat' dir='ltr'><strong>dapes,</strong></span> 
     </span>
     <span class='ocr_line' id='line_1_28' title="bbox 144 3013 857 3093; baseline -0.001 -18"><span class='ocrx_word' id='word_1_146' title='bbox 144 3013 323 3076; x_wconf 81' lang='lat' dir='ltr'><strong>5Faotidirc</strong></span> <span class='ocrx_word' id='word_1_147' title='bbox 338 3021 442 3072; x_wconf 87' lang='lat' dir='ltr'><strong>tamen</strong></span> <span class='ocrx_word' id='word_1_148' title='bbox 457 3013 538 3091; x_wconf 84' lang='lat' dir='ltr'><strong>noII,</strong></span> <span class='ocrx_word' id='word_1_149' title='bbox 557 3015 684 3093; x_wconf 84' lang='lat' dir='ltr'><strong>Rufina,</strong></span> <span class='ocrx_word' id='word_1_150' title='bbox 707 3015 857 3076; x_wconf 73' lang='lat' dir='ltr'><strong>minoren:</strong></span> 
     </span>
     <span class='ocr_line' id='line_1_29' title="bbox 208 3095 995 3179; baseline 0.008 -22"><span class='ocrx_word' id='word_1_151' title='bbox 208 3096 284 3158; x_wconf 83' lang='lat' dir='ltr'><strong>Pluo</strong></span> <span class='ocrx_word' id='word_1_152' title='bbox 298 3098 406 3157; x_wconf 83' lang='lat' dir='ltr'><strong>habult</strong></span> <span class='ocrx_word' id='word_1_153' title='bbox 419 3095 585 3176; x_wconf 83' lang='lat' dir='ltr'><strong>Didymus,</strong></span> <span class='ocrx_word' id='word_1_154' title='bbox 599 3097 670 3179; x_wconf 83' lang='lat' dir='ltr'><strong>pluo</strong></span> <span class='ocrx_word' id='word_1_155' title='bbox 683 3096 876 3160; x_wconf 77' lang='lat' dir='ltr'><strong>Philomelus</strong></span> <span class='ocrx_word' id='word_1_156' title='bbox 890 3101 995 3164; x_wconf 86' lang='lat' dir='ltr'><strong>habet.</strong></span> 
     </span>
    </p>
   </div>
   <div class='ocr_carea' id='block_1_13' title="bbox 540 3248 662 3312">
    <p class='ocr_par' dir='ltr' id='par_1_14' title="bbox 540 3248 662 3312">
     <span class='ocr_line' id='line_1_30' title="bbox 540 3248 662 3312; baseline 0.016 -3"><span class='ocrx_word' id='word_1_157' title='bbox 540 3248 662 3312; x_wconf 89' lang='lat' dir='ltr'>XXXII.</span> 
     </span>
    </p>
   </div>
   <div class='ocr_carea' id='block_1_14' title="bbox 167 3361 971 3531">
    <p class='ocr_par' dir='ltr' id='par_1_15' title="bbox 167 3361 971 3531">
     <span class='ocr_line' id='line_1_31' title="bbox 167 3361 971 3447; baseline 0.004 -24"><span class='ocrx_word' id='word_1_158' title='bbox 167 3365 217 3424; x_wconf 80' lang='lat' dir='ltr'><strong>An</strong></span> <span class='ocrx_word' id='word_1_159' title='bbox 231 3363 345 3443; x_wconf 81' lang='lat' dir='ltr'><strong>possim</strong></span> <span class='ocrx_word' id='word_1_160' title='bbox 360 3361 494 3425; x_wconf 81' lang='lat' dir='ltr'><strong>vetulum</strong></span> <span class='ocrx_word' id='word_1_161' title='bbox 510 3368 644 3446; x_wconf 83' lang='lat' dir='ltr'><strong>quaeris,</strong></span> <span class='ocrx_word' id='word_1_162' title='bbox 661 3365 823 3438; x_wconf 85' lang='lat' dir='ltr'><strong>Matrinio:</strong></span> <span class='ocrx_word' id='word_1_163' title='bbox 845 3385 971 3447; x_wconf 84' lang='lat' dir='ltr'><strong>posoum</strong></span> 
     </span>
     <span class='ocr_line' id='line_1_32' title="bbox 209 3447 956 3531; baseline 0.001 -20"><span class='ocrx_word' id='word_1_164' title='bbox 209 3449 251 3511; x_wconf 73' lang='lat' dir='ltr'><strong>Et</strong></span> <span class='ocrx_word' id='word_1_165' title='bbox 265 3448 416 3530; x_wconf 85' lang='lat' dir='ltr'><strong>vetulam,</strong></span> <span class='ocrx_word' id='word_1_166' title='bbox 439 3449 495 3510; x_wconf 85' lang='lat' dir='ltr'><strong>sed</strong></span> <span class='ocrx_word' id='word_1_167' title='bbox 510 3456 546 3510; x_wconf 91' lang='lat' dir='ltr'><strong>tu</strong></span> <span class='ocrx_word' id='word_1_168' title='bbox 559 3457 695 3531; x_wconf 80' lang='lat' dir='ltr'><strong>mortua,</strong></span> <span class='ocrx_word' id='word_1_169' title='bbox 717 3470 779 3511; x_wconf 90' lang='lat' dir='ltr'><strong>non</strong></span> <span class='ocrx_word' id='word_1_170' title='bbox 794 3447 897 3511; x_wconf 79' lang='lat' dir='ltr'><strong>vetula</strong></span> <span class='ocrx_word' id='word_1_171' title='bbox 913 3469 956 3513; x_wconf 82' lang='lat' dir='ltr'><strong>ea.</strong></span> 
     </span>
    </p>
   </div>
   <div class='ocr_carea' id='block_1_15' title="bbox 0 0 1190 3924">
    <p class='ocr_par' dir='ltr' id='par_1_16' title="bbox 0 0 1190 3924">
     <span class='ocr_line' id='line_1_33' title="bbox 0 0 1190 3924; baseline 0 0"><span class='ocrx_word' id='word_1_172' title='bbox 0 0 1190 3924; x_wconf 95' lang='lat' dir='ltr'><strong> </strong></span> 
     </span>
    </p>
   </div>
  </div>
 </body>
</html>
