2370 3924
300 232 640 295 EPIGRAMMATON
653 232 727 292 LIB.
743 232 795 296 IV.
1012 231 1075 297 103

465 433 630 496 LXXVIII.

113 552 250 617 Condita
264 570 332 611 cum
347 551 404 610 tibi
419 551 460 609 sit
475 551 534 608 iam
548 549 736 626 sexagesima
751 550 860 609 messis

156 639 199 699 Et
212 636 310 696 facies
324 629 422 693 multo
439 631 602 713 splendeat
616 630 684 691 alba
699 631 782 711 pilo,

113 720 271 784 Discurrls
284 724 351 779 tota
365 737 458 797 vagus
473 718 569 793 urbe,
591 733 650 775 nec
664 714 727 774 ulla
743 717 890 778 cathedra
905 724 969 799 est,

158 805 216 866 Gni
230 822 293 864 non
308 820 397 862 mane
410 802 494 861 ieras
508 800 699 878 irrequietus
714 801 796 876 Ave3

91 891 155 954 ant
167 889 235 949 sine
249 893 282 947 tc
297 884 375 946 nulli
390 886 436 946 fas
451 891 499 945 est
512 882 640 964 prodire
656 884 799 963 tribuno,

157 971 223 1034 Nec
243 978 329 1032 caret
343 971 447 1030 officio
464 964 573 1030 consul
587 973 720 1046 uterque
735 974 806 1044 tuo;

113 1059 155 1117 Et
170 1074 258 1116 saoro
270 1053 397 1115 deciens
410 1054 528 1135 repctis
543 1050 662 1111 Palatia
677 1051 755 1112 clivo

158 1139 346 1218 SIgerosqne
368 1156 471 1199 meros
485 1137 734 1216 Partheniosque
749 1156 848 1198 sonas.

114 1225 202 1284 Haec
215 1223 331 1284 iaciant
346 1241 419 1283 sanc
433 1224 578 1282 iuvenes:
601 1218 787 1299 deformius,
809 1222 903 1300 Afer,

71 1319 107 1371 10
157 1307 288 1367 Omnino
303 1305 383 1367 nihil
400 1313 449 1367 est
463 1303 623 1365 ardalione
637 1321 722 1366 sene.

484 1438 619 1500 LXXIX.

114 1556 238 1635 Ilospes
253 1573 322 1614 eras
338 1555 438 1614 nostri
452 1570 592 1632 semper,
614 1551 741 1629 Matho,
764 1552 932 1613 Tiburtini.

156 1639 225 1699 Hoc
240 1639 326 1702 emis.
355 1638 503 1718 imposui:
527 1654 579 1696 rus
595 1636 653 1695 tibi
666 1635 766 1696 vendo
785 1642 878 1696 tuum.

488 1769 609 1830 LXXX.

114 1883 275 1946 Declamas
289 1884 321 1943 in
336 1883 443 1962 febre,
464 1884 591 1943 Maron:
611 1882 691 1942 hano
707 1901 776 1942 esse
792 1884 961 1964 phrenesin

157 1968 192 2028 Si
206 1969 326 2045 nescIs,
347 1986 411 2026 non
425 1985 459 2027 es
475 1987 581 2045 sanus,
604 1967 701 2027 amice
716 1967 838 2031 Maron.

103 2049 277 2130 [Declamas
293 2069 403 2130 aeger,
425 2050 578 2111 declamas
591 2051 822 2113 hemitritaeos:

40 2151 47 2164 ·
157 2137 192 2196 Si
206 2135 319 2196 sudare
335 2134 427 2196 aliter
440 2154 503 2195 uon
516 2141 623 2217 potes,
646 2140 695 2194 est
713 2136 817 2213 ratio}

90 2220 252 2300 5„Magna
265 2225 368 2280 tamen
382 2238 434 2279 rcs
450 2221 530 2279 est.“
558 2219 670 2292 Erras3
693 2238 761 2278 cum
775 2220 894 2278 viscera
909 2219 1007 2279 febris

156 2305 283 2382 Exurit,
305 2322 357 2364 res
369 2309 417 2379 est
430 2322 539 2382 magna
554 2308 675 2380 tacere,
697 2303 818 2363 Maron.

487 2421 619 2497 cxxxi.

110 2551 307 2630 EpIgramma
322 2553 461 2608 nostrum
476 2566 544 2607 cum
559 2546 690 2609 Fabulla
702 2548 846 2628 legisset,

112 2633 238 2713 Negare
253 2631 367 2693 nullam
381 2651 441 2711 quo
459 2650 574 2711 queror
589 2631 780 2714 puellarum,

113 2716 221 2777 Semel
234 2722 341 2796 rogata
355 2717 465 2795 bisque
481 2721 593 2791 terque
608 2713 748 2793 neglexit

113 2801 231 2877 Preces
246 2800 383 2862 amantis.
412 2800 490 2874 Iam,
511 2795 658 2875 Fabulla,
681 2799 844 2878 promitte:

89 2884 238 2964 5Ncgare
251 2885 344 2963 iussi,
366 2900 540 2964 pcrncgare
554 2900 616 2941 non
630 2882 714 2943 iussi,

473 3029 622 3092 LXXXII.

109 3143 179 3204 IIos
194 3162 316 3222 quoquc
331 3142 510 3204 commenda
524 3143 694 3223 Venuleio,
713 3143 808 3222 Rufe,
830 3141 957 3203 Iibcllos

156 3227 290 3307 Imputet
307 3233 340 3287 et
353 3229 442 3288 nobis
460 3229 522 3287 otia
535 3248 643 3308 parva,
665 3247 756 3307 roga,

110 3312 275 3372 Immemor
290 3318 323 3373 et
336 3310 458 3392 paulum
474 3331 616 3372 curarum
630 3330 820 3391 operumque
836 3331 960 3371 suorum

156 3395 225 3455 Non
240 3396 353 3456 tetrica
367 3415 463 3474 nugas
479 3397 580 3474 exigat
595 3414 669 3455 aure
686 3414 779 3455 meas.

86 3476 181 3543 osed
198 3497 257 3540 neo
271 3485 343 3561 post
358 3480 490 3560 primum
503 3478 589 3558 legat
604 3480 681 3540 hacc
699 3497 884 3540 summumve
899 3478 1060 3560 trientem,
