2370 3924
305 225 644 286 EPIGRAMMATON
657 225 732 290 LlB.
749 226 788 290 V.
1008 227 1072 298 ill

498 391 604 490 xnus

109 542 187 602 Dum
201 557 333 620 proavos
348 543 512 617 atavosque
526 540 629 599 refers
644 545 677 599 et
690 542 813 600 nomina
827 560 954 621 magua,

152 625 231 686 Dum
246 623 304 683 tibi
320 627 428 682 noster
443 640 539 701 eques
556 622 682 683 sordida
696 623 833 685 conditio
850 632 913 703 eat,

109 711 188 770 Dum
202 715 235 768 te
249 724 341 786 posse
358 724 453 785 negas
467 708 527 766 nisi
541 705 622 785 luto,
645 706 763 787 Gellia,
787 708 872 770 clavo

150 793 292 869 Nubere,
314 791 462 870 nupsisti,
485 789 602 870 Gellia,
625 792 773 854 cistifero.

494 925 600 988 XVIII.
621 934 626 943 '

111 1044 200 1122 Quod
215 1046 273 1105 tibi
288 1043 453 1104 Decembri
468 1062 591 1122 mense,
614 1063 673 1122 quo
687 1041 793 1106 volant
807 1065 939 1126 mappae

111 1128 315 1208 Gracilesque
327 1126 442 1206 ligulae
458 1129 604 1207 cereique
620 1129 808 1208 chartaeque

107 1215 149 1275 Et
163 1219 252 1273 acuta
265 1213 391 1273 senibus
405 1217 486 1271 testa
501 1232 569 1271 cnm
583 1213 796 1291 Damascenis,

107 1297 240 1358 Praeter
250 1295 376 1357 libellos
389 1294 533 1356 vernulas
547 1295 628 1356 nihil
642 1298 728 1375 misi,

82 1381 255 1445 5Fortassc
271 1400 376 1441 avarus
390 1379 497 1442 videar
512 1387 563 1439 aut
576 1382 767 1443 inhumanus.

108 1465 168 1525 Odi
183 1464 305 1527 dolosas
320 1484 481 1524 muncrum
497 1470 530 1524 et
543 1463 636 1524 malas
652 1470 744 1524 artes.

107 1551 268 1610 Imitantur
282 1551 387 1609 hamos
404 1547 493 1612 dona.
522 1547 660 1626 Namque
677 1549 744 1628 quis
759 1549 876 1626 nescit,

106 1633 237 1694 Avidum
252 1639 358 1694 vorato
373 1630 477 1711 decipi
492 1651 613 1692 scarum
627 1632 754 1692 musco?

110 1719 260 1794 Quotiens
276 1718 372 1777 amico
389 1715 477 1776 diviti
492 1714 570 1775 nibil
586 1715 696 1795 donat,

63 1802 131 1864 100
148 1802 329 1881 Quintiano,
350 1799 490 1861 liberalis
506 1808 555 1860 est
568 1819 695 1881 pauper.

499 1935 579 1997 xlx.

107 2047 140 2107 Si
158 2068 216 2126 qua
229 2047 308 2110 fides
321 2049 419 2127 veris,
441 2049 614 2127 praeferri,
635 2046 763 2108 maxime
779 2050 910 2127 Caesar,

150 2132 356 2212 Temporibus
373 2140 502 2213 possunt
516 2132 637 2192 saccula
651 2130 736 2191 nulla
749 2134 819 2194 tuis.

107 2215 236 2292 Quando
253 2218 347 2295 magis
363 2216 472 2295 dignos
490 2216 579 2275 licuit
594 2223 736 2296 spectare
753 2216 949 2295 triumphos?

150 2299 277 2376 Quando
290 2300 423 2360 Palatini
436 2299 506 2380 plus
521 2318 664 2359 meruere
680 2298 754 2359 deii

84 2383 273 2444 5Pulchrior
288 2391 320 2444 et
335 2386 432 2444 maior
447 2405 506 2463 qno
523 2385 577 2444 sub
594 2383 672 2444 duce
685 2383 800 2444 Martia
813 2383 931 2444 Romal

148 2467 211 2527 Sub
228 2488 287 2547 quo
301 2468 430 2529 libertas
446 2469 586 2548 principe
602 2474 688 2528 tauta
702 2468 784 2528 luit?

105 2553 163 2612 Est
177 2559 280 2612 tamen
295 2553 354 2612 boc
368 2553 492 2631 vitium,
509 2551 565 2612 sed
578 2572 641 2612 nou
651 2550 739 2630 leve,
761 2555 802 2613 sit
815 2551 891 2612 licet
905 2571 1020 2629 unum,

148 2635 237 2712 Quod
251 2634 326 2696 colit
339 2637 474 2715 ingratas
487 2655 605 2715 pauper
620 2637 777 2696 amicitias.

106 2721 181 2796 Quis
198 2718 329 2799 largitur
344 2739 420 2800 opes
434 2722 533 2779 veteri
547 2718 671 2799 fidoque
687 2718 801 2796 sodali,

60 2815 97 2866 10
146 2805 210 2863 Aut
225 2823 315 2883 quem
329 2805 528 2885 prosequitur
542 2822 604 2862 nou
619 2803 736 2862 alienus
754 2803 872 2882 eques?

106 2887 328 2948 Saturnaliciae
342 2887 465 2967 ligulam
482 2887 602 2946 misisse
617 2885 749 2946 selibrae

148 2971 368 3033 Flammarisve
382 2979 473 3050 togae
489 2968 623 3050 scripula
636 2977 701 3031 tota
719 2968 827 3029 decem

105 3057 241 3116 Luxuria
255 3062 303 3116 est
311 3100 320 3136 ,
342 3056 514 3134 tumidique
529 3063 639 3115 vocant
652 3057 730 3114 hacc
744 3072 871 3113 munera
889 3071 1001 3131 reges:¹

150 3141 209 3216 Qui
225 3146 335 3220 crepet
350 3139 508 3219 aureolos,
529 3141 660 3199 forsitan
673 3158 750 3198 unus
766 3140 836 3198 crit.

62 3225 309 3300 15Quatenushi
328 3243 389 3283 non
405 3230 493 3301 suut,
515 3231 582 3283 esto
598 3230 646 3302 tu,
669 3224 799 3299 Caesar,
822 3223 961 3281 amicus:
1060 3246 1064 3253 ·

148 3307 237 3367 Nulla
253 3308 339 3368 ducis
352 3309 450 3367 virtus
466 3306 586 3367 dulcior
600 3326 669 3366 esse
685 3311 798 3387 potest.

105 3391 166 3451 lam
182 3390 294 3452 dudum
310 3393 404 3452 tacito
420 3391 523 3469 rides,
546 3391 746 3468 Germanice,
768 3409 860 3449 naso:

147 3474 232 3537 Utile
249 3475 330 3556 qnod
345 3477 450 3555 nobis,
473 3475 512 3535 do
528 3477 585 3535 tibi
600 3474 771 3538 consilium.
