2370 3924
320 212 661 274 EPIGRAMMATON
674 214 748 276 LlB.
764 216 800 277 ll.
1036 215 1078 282 47

512 415 607 477 ΧΧΧ.

122 529 234 590 Mutua
249 528 358 605 viginti
373 532 519 591 sestertia
533 530 617 590 forte
632 532 793 609 rogabam,

168 613 253 689 Quae
267 609 317 672 vel
332 611 459 674 donanti
473 634 535 675 non
550 633 641 692 grave
657 634 764 675 munus
780 622 854 677 erat.

124 697 246 777 Quippe
262 698 428 775 rogabatur
442 697 579 777 felixque
593 704 743 777 vetusque
758 698 871 759 sodalis

165 781 307 842 Eteuius
321 779 403 841 laxas
419 801 489 842 area
504 780 641 861 flagellat
656 801 739 863 opes.

100 864 154 926 bls
170 865 245 924 mihi
259 865 373 944 „Dives
389 867 468 944 eris,
491 867 518 926 si
533 886 637 926 causas
653 865 777 946 egeris“
792 867 900 946 inquit.

169 947 258 1026 Quod
273 954 348 1030 peto
363 947 416 1028 da,
439 948 512 1010 Gai:
531 969 594 1010 non
608 957 682 1032 peto
699 948 867 1011 eonsilium.

507 1096 615 1158 XXXI.
664 1130 666 1136 <

124 1207 226 1290 Saepe
248 1227 305 1288 ego
320 1209 516 1271 Chrestinam
535 1211 624 1273 futui,
659 1212 720 1271 Det
736 1214 919 1291 quambene
936 1212 1080 1293 quaeris?

167 1292 266 1374 Supra
282 1292 364 1373 quod
378 1294 448 1355 iteri
461 1293 524 1374 nil,
546 1294 705 1374 Marione,
726 1301 840 1377 potest.

499 1453 612 1516 XXXII

121 1566 176 1627 LIs
190 1567 266 1627 mihi
281 1587 349 1629 oum
363 1567 458 1628 Balbo
475 1575 540 1648 ert,
555 1574 589 1628 tn
603 1566 731 1629 Balbum
747 1567 908 1629 offendere
924 1588 987 1629 non
1000 1571 1056 1650 vis,

166 1651 311 1712 Pontice:
325 1671 392 1713 oum
402 1651 510 1713 Licino
521 1658 579 1730 est,
591 1654 643 1716 hie
655 1671 777 1733 quoque
788 1671 912 1733 magnus
923 1656 1014 1716 homo
1023 1662 1079 1717 est.

123 1735 225 1797 Vexat
238 1753 331 1817 saepe
346 1755 447 1797 meum
462 1737 613 1797 Patrobas
628 1737 757 1797 confinis
773 1735 921 1818 agellum,

166 1818 283 1879 Contra
295 1818 442 1887 libertum
460 1820 602 1882 (laesuris
614 1821 662 1881 ire
678 1823 778 1883 times.

98 1903 268 1982 5Abnegat
283 1909 316 1964 et
329 1904 447 1965 retinet
462 1911 601 1965 nostrum
615 1904 748 1965 Laronia
760 1924 899 1985 servum,

165 1985 349 2067 Respondes
365 1988 471 2066 „Orba
487 1995 551 2067 est,
574 1987 675 2067 diues,
698 2008 787 2068 anus,
809 1988 932 2053 vidua.“

121 2068 192 2130 Non
207 2071 305 2150 bene,
327 2070 421 2132 erede
435 2072 527 2151 mihi,
550 2091 639 2133 servo
654 2073 788 2133 servitur
803 2075 915 2134 amico:

167 2153 215 2214 Sit
227 2154 327 2234 liber,
351 2154 491 2216 dominus
507 2157 560 2235 qui
573 2155 658 2217 volet
672 2175 741 2217 esse
757 2176 852 2221 meur.

489 2302 624 2364 XXXIII.

122 2416 187 2477 Gur
202 2434 264 2474 non
278 2416 364 2476 basio
380 2421 429 2495 te,
445 2414 612 2477 Philaeni‘!
629 2417 712 2477 calva
727 2435 770 2479 es.

122 2500 187 2559 Gur
201 2518 264 2558 non
278 2500 363 2559 basio
380 2505 429 2578 te,
445 2498 611 2560 Philaeni?
626 2501 696 2560 rufa
711 2517 754 2562 es.

123 2584 187 2646 Cur
201 2601 263 2642 non
278 2584 363 2643 basio
378 2588 429 2662 te,
444 2582 611 2644 Philaenis
625 2582 714 2643 lusca
726 2602 768 2645 es.

121 2668 208 2728 llaec
224 2666 276 2745 qui
289 2667 403 2746 basiat,
426 2688 443 2728 o
458 2666 617 2746 Philaeni,
638 2666 750 2736 fellat„

489 2829 627 2892 XXXIV.

125 2941 202 3002 Cum
217 2939 341 3023 placeat
355 2941 498 3003 Phileros
512 2948 578 3003 tota
593 2942 650 3003 tibi
667 2942 740 3002 dote
754 2938 953 3020 redemptus,

165 3024 240 3087 Tris
255 3028 373 3108 pateris
386 3034 494 3106 natos,
514 3025 620 3104 Galla,
641 3024 747 3107 perire
762 3024 853 3086 fame.

121 3111 303 3171 Praestatur
318 3130 392 3172 oano
401 3117 494 3171 *tauta
508 3110 700 3189 indulgentia
716 3129 832 3188 cunno,

165 3194 264 3271 Quem
277 3213 336 3256 neo
351 3201 434 3257 easta
448 3202 553 3276 potest
566 3196 627 3255 iam
641 3193 782 3254 decuisse
799 3194 912 3256 Venus.

99 3278 312 3360 5Perpetuam
328 3278 360 3339 di
373 3284 406 3338 te
420 3279 536 3340 iaciant
549 3277 717 3340 Philerotis
734 3279 877 3355 amicam,
946 3341 949 3345 ,

165 3364 191 3425 0
206 3370 323 3443 mater,
347 3382 405 3444 qua
418 3381 477 3424 neo
490 3362 600 3424 Pontia
615 3362 762 3424 deterior.
