2370 3924
89 245 154 312 1le
415 246 459 306 M.
475 245 567 309 VAL.
582 245 806 305 MARTlALlS

154 402 219 462 5At
235 419 323 477 quam
337 416 399 457 non
413 399 558 475 tetricus,
582 417 671 476 quam
686 395 769 457 nulla
782 398 906 460 nubilas
923 402 988 480 ira,

220 485 315 559 Quam
330 480 453 562 placido
468 486 589 540 nostras
605 480 726 559 legerat
741 500 796 541 ore
810 485 939 562 preces!

177 566 264 627 Talis
280 564 470 646 supplicibus
485 565 595 624 tribuit
610 563 782 625 diademata
798 566 889 627 Dacis

217 652 258 712 Et
272 647 462 730 Capitolinas
479 650 565 726 itque
580 648 725 727 reditque
739 650 811 710 vias.

175 736 231 794 Dic
245 753 373 815 precor,
394 753 411 792 o
427 733 527 791 nostri
543 731 592 792 dic
609 733 731 792 conscia
746 733 831 812 virgo
847 731 1023 816 Tonantis,

134 831 169 881 10
218 817 252 877 Si
266 825 358 895 negat
370 818 430 876 hoc
445 815 545 894 voltu,
566 835 625 895 quo
640 812 721 876 solet
735 834 810 894 orgo
826 815 925 877 dare?

176 902 228 963 Sic
242 920 315 980 ego:
338 902 382 960 ric
395 901 533 959 breviter
549 900 650 980 posita
668 900 744 959 mihi
759 900 905 978 Gorgone
919 901 1043 964 Pallas:

217 986 324 1065 „Quae
339 983 475 1044 nondum
490 983 560 1044 data
575 990 661 1061 sunt,
684 983 794 1062 stulte,
816 992 929 1062 negata
943 993 1036 1067 putas
1043 989 1081 1048 l“

587 1124 638 1186 Xl.

177 1237 266 1314 Quod
280 1257 342 1297 non
356 1237 397 1297 sit
412 1234 545 1316 Pylades
558 1238 618 1297 hoc
632 1243 788 1317 tempore,
809 1257 871 1297 non
885 1239 928 1298 sit
944 1239 1091 1322 Orestes,

219 1321 368 1382 Miraris?
396 1319 545 1400 Pyladea,
564 1321 689 1398 Marce,
711 1322 837 1381 bibebat
849 1320 952 1403 idem,

176 1406 242 1468 Nec
256 1404 367 1465 melior
381 1405 468 1484 panis
483 1403 631 1464 turdusve
646 1404 774 1465 dabatur
789 1404 938 1486 Orestae,

218 1489 282 1549 Sed
295 1510 351 1569 par
369 1495 460 1568 atque
476 1487 583 1548 eadem
598 1507 673 1548 cena
689 1488 807 1554 duobus
821 1496 897 1550 erat.

44 1549 66 1589 ι’
155 1575 228 1636 bTu
243 1574 377 1634 Lucrina
391 1592 496 1650 voras,
516 1590 565 1631 me
580 1574 678 1652 pascit
693 1592 805 1652 aquosa
819 1572 961 1636 Peloris:

218 1657 287 1718 Non
301 1659 400 1717 minus
414 1658 548 1736 ingenua
563 1669 612 1716 est
626 1658 763 1734 etmihi,
786 1657 910 1737 Marce,
934 1659 1017 1738 gula.

177 1743 225 1802 Te
241 1740 375 1802 Cadmca
393 1740 511 1820 Tyros,
532 1759 580 1800 me
594 1742 715 1820 pinguis
731 1738 835 1801 Gallia
848 1743 958 1803 vestit:

218 1825 274 1887 Vis
288 1831 319 1884 te
334 1843 538 1905 purpureum,
559 1825 683 1904 Marce,
706 1830 826 1903 sagatus
842 1828 963 1887 amem?

176 1910 218 1970 Ut
231 1915 386 1988 praestem
401 1906 556 1987 Pyladen,
579 1907 690 1988 aliquis
705 1911 780 1969 mihi
793 1916 936 1989 praestet
951 1911 1095 1977 Oresten.

134 2005 169 2056 10
217 1993 285 2052 Hoc
299 2012 360 2051 non
375 1993 411 2052 llt
423 1994 541 2070 verbis,
563 1993 687 2052 Marce:
709 2000 743 2053 ut
757 1995 884 2073 ameris,
903 2015 980 2057 ama.

581 2127 645 2187 ΧΠ.

176 2242 259 2301 Iurat
274 2239 401 2320 capillos
420 2259 505 2319 ease,
529 2260 605 2320 quos
620 2241 711 2318 emit,
732 2258 803 2298 suos

175 2322 320 2384 Fabulla:
343 2324 506 2404 numquid,
527 2322 674 2403 †Paule,
695 2323 838 2404 peierat?

573 2457 651 2520 Xlll.

177 2569 250 2644 Quis
267 2575 298 2627 te
314 2567 460 2627 Phidiaco
475 2568 651 2648 formatam,
672 2567 764 2646 Iulia,
789 2568 890 2648 caelo,

218 2649 279 2714 Vel
295 2653 361 2730 quis
377 2649 535 2712 Palladiae
551 2672 612 2712 uon
626 2660 716 2733 putet
730 2653 806 2712 artis
820 2652 920 2732 opus?

177 2736 315 2797 Candida
330 2756 392 2796 non
406 2738 499 2796 tacita
513 2737 683 2817 respondet
698 2738 830 2815 imagine
844 2735 957 2816 lygdos

218 2822 259 2882 Et
272 2821 393 2901 placido
410 2819 510 2900 fulget
523 2823 607 2882 vivus
622 2823 654 2881 in
670 2840 724 2881 ore
738 2820 851 2900 liquor.

153 2905 270 2966 5Lndit
283 2904 440 2982 Acidalio,
462 2905 595 2965 sednon
611 2924 717 2965 manus
732 2922 857 2984 aspera,
878 2903 980 2984 nodo,

219 2990 316 3064 Quem
330 2990 433 3068 rapuit
447 2986 545 3067 collo,
568 3008 662 3069 parre
678 2988 814 3069 cupido,
837 2994 901 3051 tuo.

176 3072 219 3132 Ut
233 3072 345 3131 Martis
359 3078 522 3131 revocetur
538 3093 621 3133 amor
636 3074 806 3151 summique
822 3072 995 3152 Tonantis,

218 3156 244 3214 Α
259 3162 290 3214 te
307 3154 386 3215 luno‘
396 3161 483 3235 petat
498 3165 605 3217 ceston
620 3164 652 3216 et
667 3158 733 3237 ipsa
748 3157 863 3219 Venus.

567 3291 646 3353 XIV.

172 3401 289 3462 Versus
305 3404 443 3463 scribere
458 3410 597 3483 possete
615 3403 748 3466 disertos

167 3486 333 3567 Afdrmas,
355 3486 484 3548 Laberi:
508 3488 581 3567 quid
595 3507 669 3567 ergo
684 3508 745 3549 nou
766 3488 832 3548 vis?
