2370 3924
272 266 611 329 EPlGRAMMATON
623 268 697 331 LlB.
713 269 764 332 lX.
979 269 1039 334 iot

81 416 195 481 Nullos
210 416 344 496 denique
359 436 417 497 per
434 416 509 478 deos
524 416 659 498 deaeque

81 503 168 564 lurat
182 499 303 579 Gellia,
324 500 381 561 aed
395 519 453 582 per
467 503 606 565 uniones.

58 587 152 652 §llos
167 583 382 666 amplectitur,
400 584 459 645 hoe
472 583 706 666 perocculatur',

81 671 150 732 Hoc
164 670 281 731 fratrea
295 674 384 729 vocat
397 674 432 728 ct
444 675 534 729 vocat
547 688 689 748 sororer,

80 756 149 815 lloo
163 754 244 814 natio
263 758 344 813 amat
358 753 459 812 acrius
474 750 599 814 duabua.

80 838 140 898 Hie
156 838 183 897 ei
198 856 258 917 quo
275 842 379 896 careat
391 834 510 896 mirella
525 855 622 914 caru,·

79 922 239 985 Victuram
253 925 349 998 neget
362 936 432 980 eoae
446 938 480 980 ae
494 921 681 982 nechoram.

39 1006 184 1082 louhen,
206 1024 295 1084 quam
308 1004 390 1065 bene
403 1022 502 1080 nunc,
521 1003 704 1084 Papiriam,

80 1089 202 1150 Annaei
215 1088 337 1148 iaceret
351 1105 457 1147 manua
472 1087 599 1147 Sereni!

443 1219 591 1282 LXXXII.

79 1335 180 1394 Dante
194 1332 254 1393 tibi
268 1333 359 1392 turba
373 1329 537 1411 querulos,
560 1333 716 1411 Auguste,
736 1329 879 1412 libellos,

121 1417 186 1477 Noa
200 1433 322 1496 quoque
338 1414 421 1495 qnod
436 1415 559 1476 domiuo
574 1417 708 1477 carmina
720 1436 813 1497 parva
827 1417 947 1500 damur,

78 1500 176 1561 Porro
194 1498 285 1560 deum
298 1501 393 1560 rebar
406 1501 525 1581 pariter
540 1499 701 1578 Musisque
716 1520 824 1562 vacare

124 1583 260 1661 Scimus,
279 1584 403 1644 ethaeo
417 1585 510 1644 etiam
527 1589 612 1645 serta
626 1582 753 1664 placere
766 1586 834 1650 tibi.

56 1667 146 1731 5Fer
159 1672 260 1745 vates,
279 1668 433 1746 Auguste,
455 1673 540 1728 tuoe:
561 1687 619 1729 noa
634 1667 734 1747 gloria
751 1667 867 1748 dulcia,

122 1751 252 1812 Noctua
267 1771 340 1812 cura
353 1752 441 1832 prior
457 1750 650 1831 deliciaeque
665 1771 777 1816 eumue.

78 1833 150 1895 Non
168 1853 301 1914 quercus
315 1841 348 1895 te
363 1834 429 1895 oola
443 1834 552 1915 decet,
572 1855 631 1897 nec
646 1835 754 1898 laurea
770 1838 906 1898 Phnebie
1038 1888 1043 1897 .

120 1918 193 1979 Fiat
206 1926 239 1978 et
253 1937 291 1979 ex
303 1918 422 1980 hedera
438 1920 533 1980 civica
546 1926 653 1981 nostra
666 1921 732 1982 tibi.

289 2380 334 2453 n.
364 2379 467 2451 vnn.
496 2377 751 2452 nanninus

201 2547 834 2644 iiidiiiiiiiiti

403 2732 638 2793 LIBERIX.

77 2918 178 2995 Note,
198 2915 277 2979 licet
290 2916 388 2997 nolio,
408 2913 530 2977 sublimi
544 2921 675 2997 pectore
688 2921 789 2989 vater,

121 3002 181 3064 cui
196 3002 317 3062 referet
330 3021 418 3063 aeuus
433 3003 570 3082 praemia
584 2999 675 3079 digna
689 3001 784 3078 cinis,

78 3088 150 3147 lloc
163 3087 222 3147 tibi
236 3087 292 3147 sub
307 3093 413 3147 nostra
428 3087 523 3146 breve
537 3103 662 3146 carmen
677 3085 810 3165 imagine
823 3084 921 3163 vivat,

120 3169 218 3246 Quam
231 3189 294 3231 non
310 3170 449 3231 obscurio
462 3171 580 3248 iungis,
602 3170 711 3247 Avite,
732 3171 823 3229 viria:

31 3254 125 3317 ollio
140 3275 200 3336 ego
214 3275 284 3317 cum
300 3254 385 3315 nulli
396 3274 554 3336 nugarum
570 3253 666 3314 laude
679 3253 852 3330 secundm,
985 3277 992 3295 ν

124 3336 223 3411 Quem
237 3358 302 3400 non
315 3340 456 3415 miraris,
478 3338 535 3398 aed
543 3345 640 3417 puto,
652 3337 780 3417 ¹lector,
800 3355 898 3396 amaa.

76 3421 217 3484 Maiorec
230 3424 351 3484 onaicra
364 3428 494 3483 sonent.-
514 3421 590 3481 mc'la'
596 3439 698 3500 porca
713 3421 818 3482 locuto

119 3503 249 3585 Sufficit
265 3507 298 3566 in
312 3513 435 3566 vestrm
451 3524 544 3587 coeqie
558 3503 662 3566 redire
676 3523 802 3566 macae.
