2370 3924
95 237 159 301 244
422 242 466 304 M.
482 241 574 303 VAL.
589 241 815 302 MARTIALIS

181 393 244 452 Cur
258 392 357 452 irater
372 393 429 451 tibi
443 390 547 470 dicor,
569 411 606 452 cx
620 391 747 452 Hiberis

179 475 221 536 Et
236 474 335 535 Celtis
350 478 470 554 genitus
487 476 627 554 'l'agiquc
643 477 739 535 civis?

158 561 231 620 5An
245 559 330 619 voltu
345 559 460 619 similes
474 559 613 618 videmur
628 560 721 619 ease?

180 642 230 702 Tu
244 644 323 702 flexa
336 642 453 702 nitidus
468 664 554 703 coma
567 645 700 721 vagaris,

178 728 324 806 Hispanis
339 745 396 805 ego
413 734 573 786 contumax
587 725 724 806 capillis;

178 809 269 870 Levis
285 811 418 890 dropace
433 817 466 869 tu
482 811 654 888 cotidiano,

4 940 28 1041 q
84 902 87 947 ἰ
177 896 314 954 Hirsutis
329 913 386 972 ego
402 896 541 954 cruribus
557 896 721 973 genisque3

83 1022 87 1047 2
138 978 219 1040 100s
234 976 370 1037 blaesum
385 979 443 1037 tibi
458 976 631 1055 debilisque
645 978 750 1057 lingua
765 985 831 1058 est,

82 1078 86 1139 g
176 1063 271 1121 Nobis
287 1060 390 1121 fistula
404 1063 517 1121 lortius
529 1060 692 1140 loquetur:

46 1154 50 1223 j
83 1154 86 1161 '
178 1146 255 1204 Tam
271 1143 376 1225 dispar
390 1145 511 1224 aquilae
526 1145 667 1205 columba
681 1166 742 1205 non
757 1151 821 1222 est,

46 1248 49 1309 j
80 1290 83 1297 ,
176 1230 241 1288 Nec
258 1227 365 1288 dorcas
380 1229 480 1308 rigido
495 1230 586 1308 fugax
598 1229 693 1290 leoni.

45 1318 50 1397 y
77 1318 83 1407 y
178 1314 280 1390 Quare
295 1312 402 1373 desine
418 1333 467 1373 mc
482 1333 593 1373 vocare
606 1314 752 1390 fratrem,

43 1402 49 1411 '
76 1412 81 1453 .·
136 1398 220 1458 15Νε
236 1405 284 1475 te,
308 1398 532 1475 Charmenion,
554 1416 659 1457 vocem
675 1414 822 1457 sororem.

74 1474 79 1509 Ι
564 1531 670 1592 LXVI.

178 1649 271 1726 Quis,
293 1667 386 1727 rogo,
405 1655 468 1710 tam
485 1649 596 1726 durus,
619 1650 686 1726 quis
701 1652 762 1707 tam
777 1648 837 1707 fnit
851 1647 908 1708 ille
925 1652 1080 1730 superbus,

220 1733 279 1807 Qui
294 1733 384 1792 iussit
397 1734 467 1792 fieri
481 1739 530 1810 te,
553 1733 773 1812 Theopompo,
794 1734 923 1792 cocum?

176 1817 263 1874 Hanc
279 1814 390 1894 aliquis
405 1817 515 1876 faciem
530 1818 618 1895 nigra
632 1814 749 1874 violare
765 1815 865 1874 culina

220 1899 374 1977 Sustinet,
394 1901 448 1959 has
465 1907 557 1959 uncto
573 1899 687 1980 polluit
701 1901 772 1976 igne
789 1901 913 1959 comas?

154 1983 251 2055 bQuis
266 1985 368 2061 potius
384 1985 510 2061 cyathos
528 1991 579 2043 aut
594 1985 660 2062 quis
677 1982 824 2060 crystalla
838 1985 982 2043 tenebit?

217 2066 284 2140 Qua
299 2068 419 2144 sapient
433 2068 543 2127 melius
558 2070 650 2126 mixta
664 2066 798 2126 Falerna
812 2069 924 2127 manu?

176 2151 208 2209 Si
225 2155 285 2209 tam
299 2150 438 2211 sidereos
454 2158 556 2210 manet
572 2153 671 2210 exitus
685 2153 744 2210 iste
760 2153 934 2229 ministroS,

216 2234 355 2314 luppiter
370 2242 473 2295 utatur
487 2237 545 2295 iam
564 2233 742 2312 Ganymede
758 2254 841 2295 coco.

549 2369 668 2430 nxvn.

174 2480 313 2557 Pyrrhae
329 2481 409 2556 filia,
432 2482 573 2541 Nestoris
589 2501 736 2556 noverca,

177 2564 272 2637 Quam
287 2563 364 2622 vidit
377 2565 476 2623 Niobe
491 2564 596 2644 puella
612 2586 730 2643 canam,

174 2648 302 2706 Laertes
318 2649 412 2708 aviam
429 2667 523 2708 senex
538 2651 670 2724 vocavit,

172 2731 330 2791 Nutricem
346 2734 501 2810 Priamus,
516 2754 637 2793 socrum
653 2733 824 2811 Thyestes,

152 2815 235 2874 olam
251 2819 424 2878 cornicibus
440 2820 578 2878 omnibus
594 2824 769 2896 superstes,

174 2899 241 2958 Hoc
258 2902 382 2960 tandem
396 2904 455 2961 sita
467 2904 569 2981 prurit
583 2904 615 2960 in
631 2899 774 2980 sepulcro

173 2981 266 3042 Calvo
282 2984 384 3044 Plotia
399 3004 466 3042 cum
483 2985 706 3046 Melanthione.

545 3120 677 3211 uxum.

173 3229 247 3288 Cum
263 3232 319 3289 tibi
334 3250 395 3289 non
411 3233 551 3312 Ephesos
565 3252 624 3291 nec
639 3235 680 3292 sit
695 3231 820 3292 Rhodos
840 3238 892 3291 aut
906 3228 1069 3308 Mitylene,

215 3312 278 3372 Sed
293 3313 399 3374 domus
413 3318 445 3374 in
459 3319 544 3393 vico,
568 3316 690 3392 Laelia,
713 3317 861 3396 patricio,

172 3396 279 3473 Deque
295 3395 441 3459 coloratis
458 3420 611 3479 nunquam
626 3400 683 3460 lita
698 3406 796 3460 mater
812 3401 970 3476 Etruscis,

210 3480 312 3543 Durus
328 3483 454 3544 Aricina
468 3483 507 3544 de
522 3487 650 3564 regione
666 3492 770 3566 pater;
