<?xml version="1.0" encoding="UTF-8"?>
<!DOCTYPE html PUBLIC "-//W3C//DTD XHTML 1.0 Transitional//EN"
    "http://www.w3.org/TR/xhtml1/DTD/xhtml1-transitional.dtd">
<html xmlns="http://www.w3.org/1999/xhtml" xml:lang="en" lang="en">
 <head>
  <title>
</title>
<meta http-equiv="Content-Type" content="text/html;charset=utf-8" />
  <meta name='ocr-system' content='tesseract 3.04.00' />
  <meta name='ocr-capabilities' content='ocr_page ocr_carea ocr_par ocr_line ocrx_word'/>
</head>
<body>
  <div class='ocr_page' id='page_1' title='image "./epigrammatonlib02martgoog_0285.png"; bbox 0 0 2370 3924; ppageno 0'>
   <div class='ocr_carea' id='block_1_1' title="bbox 92 233 815 300">
    <p class='ocr_par' dir='ltr' id='par_1_1' title="bbox 92 233 815 300">
     <span class='ocr_line' id='line_1_1' title="bbox 92 233 815 300; baseline -0.006 0"><span class='ocrx_word' id='word_1_1' title='bbox 92 233 155 300; x_wconf 77' lang='lat'><strong>258</strong></span> <span class='ocrx_word' id='word_1_2' title='bbox 419 236 463 296; x_wconf 85' lang='lat' dir='ltr'><strong>M.</strong></span> <span class='ocrx_word' id='word_1_3' title='bbox 478 234 571 296; x_wconf 84' lang='lat' dir='ltr'><strong>VAL.</strong></span> <span class='ocrx_word' id='word_1_4' title='bbox 588 234 815 296; x_wconf 85' lang='lat' dir='ltr'><strong>MARTIALIS</strong></span> 
     </span>
    </p>
   </div>
   <div class='ocr_carea' id='block_1_2' title="bbox 154 387 1037 806">
    <p class='ocr_par' dir='ltr' id='par_1_2' title="bbox 175 387 897 551">
     <span class='ocr_line' id='line_1_2' title="bbox 175 387 897 467; baseline -0.001 -19"><span class='ocrx_word' id='word_1_5' title='bbox 175 389 272 448; x_wconf 85' lang='lat' dir='ltr'><strong>Poma</strong></span> <span class='ocrx_word' id='word_1_6' title='bbox 290 387 373 467; x_wconf 90' lang='lat' dir='ltr'><strong>quod</strong></span> <span class='ocrx_word' id='word_1_7' title='bbox 386 388 518 448; x_wconf 87' lang='lat' dir='ltr'><strong>hiberna</strong></span> <span class='ocrx_word' id='word_1_8' title='bbox 533 388 773 447; x_wconf 75' lang='lat' dir='ltr'><strong>maturescentia</strong></span> <span class='ocrx_word' id='word_1_9' title='bbox 788 406 897 467; x_wconf 89' lang='lat' dir='ltr'><strong>capsa,</strong></span> 
     </span>
     <span class='ocr_line' id='line_1_3' title="bbox 218 469 846 551; baseline 0 -21"><span class='ocrx_word' id='word_1_10' title='bbox 218 473 341 533; x_wconf 84' lang='lat' dir='ltr'><strong>Arbore</strong></span> <span class='ocrx_word' id='word_1_11' title='bbox 361 471 443 551; x_wconf 89' lang='lat' dir='ltr'><strong>quod</strong></span> <span class='ocrx_word' id='word_1_12' title='bbox 457 490 552 531; x_wconf 80' lang='lat' dir='ltr'><strong>verua</strong></span> <span class='ocrx_word' id='word_1_13' title='bbox 566 469 741 531; x_wconf 78' lang='lat' dir='ltr'><strong>luxuriosus</strong></span> <span class='ocrx_word' id='word_1_14' title='bbox 755 490 846 549; x_wconf 82' lang='lat' dir='ltr'><strong>rger3</strong></span> 
     </span>
    </p>

    <p class='ocr_par' dir='ltr' id='par_1_3' title="bbox 154 552 1010 720">
     <span class='ocr_line' id='line_1_4' title="bbox 154 552 1010 636; baseline -0.002 -18"><span class='ocrx_word' id='word_1_15' title='bbox 154 558 223 619; x_wconf 84' lang='lat' dir='ltr'><strong>5Dc</strong></span> <span class='ocrx_word' id='word_1_16' title='bbox 238 556 388 617; x_wconf 78' lang='lat' dir='ltr'><strong>Palatinis</strong></span> <span class='ocrx_word' id='word_1_17' title='bbox 403 556 544 616; x_wconf 87' lang='lat' dir='ltr'><strong>dominae</strong></span> <span class='ocrx_word' id='word_1_18' title='bbox 560 554 642 634; x_wconf 90' lang='lat' dir='ltr'><strong>quod</strong></span> <span class='ocrx_word' id='word_1_19' title='bbox 659 555 767 615; x_wconf 89' lang='lat' dir='ltr'><strong>Serica</strong></span> <span class='ocrx_word' id='word_1_20' title='bbox 780 552 916 636; x_wconf 88' lang='lat' dir='ltr'><strong>praelis,</strong></span> <span class='ocrx_word' id='word_1_21' title='bbox 1007 574 1010 579; x_wconf 82' lang='lat'><strong>·</strong></span> 
     </span>
     <span class='ocr_line' id='line_1_5' title="bbox 219 638 860 720; baseline -0.003 -19"><span class='ocrx_word' id='word_1_22' title='bbox 219 642 333 701; x_wconf 82' lang='lat' dir='ltr'><strong>Sucina</strong></span> <span class='ocrx_word' id='word_1_23' title='bbox 344 642 484 720; x_wconf 83' lang='lat' dir='ltr'><strong>uirginea</strong></span> <span class='ocrx_word' id='word_1_24' title='bbox 499 639 582 720; x_wconf 89' lang='lat' dir='ltr'><strong>qnod</strong></span> <span class='ocrx_word' id='word_1_25' title='bbox 596 638 736 717; x_wconf 78' lang='lat' dir='ltr'><strong>regelata</strong></span> <span class='ocrx_word' id='word_1_26' title='bbox 751 658 860 714; x_wconf 83' lang='lat' dir='ltr'><strong>manu3</strong></span> 
     </span>
    </p>

    <p class='ocr_par' dir='ltr' id='par_1_4' title="bbox 176 722 1037 806">
     <span class='ocr_line' id='line_1_6' title="bbox 176 722 1037 806; baseline 0 -20"><span class='ocrx_word' id='word_1_27' title='bbox 176 725 335 806; x_wconf 85' lang='lat' dir='ltr'><strong>Amphora</strong></span> <span class='ocrx_word' id='word_1_28' title='bbox 350 724 433 805; x_wconf 89' lang='lat' dir='ltr'><strong>quod</strong></span> <span class='ocrx_word' id='word_1_29' title='bbox 449 725 549 802; x_wconf 80' lang='lat' dir='ltr'><strong>nigri,</strong></span> <span class='ocrx_word' id='word_1_30' title='bbox 571 723 628 783; x_wconf 89' lang='lat' dir='ltr'><strong>sed</strong></span> <span class='ocrx_word' id='word_1_31' title='bbox 641 723 736 802; x_wconf 83' lang='lat' dir='ltr'><strong>longe</strong></span> <span class='ocrx_word' id='word_1_32' title='bbox 750 725 870 802; x_wconf 86' lang='lat' dir='ltr'><strong>fracta,</strong></span> <span class='ocrx_word' id='word_1_33' title='bbox 891 722 1037 806; x_wconf 79' lang='lat' dir='ltr'><strong>Falerni,</strong></span> 
     </span>
    </p>
   </div>
   <div class='ocr_carea' id='block_1_3' title="bbox 137 807 1057 1396">
    <p class='ocr_par' dir='ltr' id='par_1_5' title="bbox 137 807 1057 1396">
     <span class='ocr_line' id='line_1_7' title="bbox 218 807 897 889; baseline -0.001 -20"><span class='ocrx_word' id='word_1_34' title='bbox 218 809 309 887; x_wconf 78' lang='lat' dir='ltr'><strong>Quod</strong></span> <span class='ocrx_word' id='word_1_35' title='bbox 323 810 376 889; x_wconf 88' lang='lat' dir='ltr'><strong>qui</strong></span> <span class='ocrx_word' id='word_1_36' title='bbox 394 808 530 869; x_wconf 77' lang='lat' dir='ltr'><strong>Sicanias</strong></span> <span class='ocrx_word' id='word_1_37' title='bbox 546 807 668 868; x_wconf 86' lang='lat' dir='ltr'><strong>detinet</strong></span> <span class='ocrx_word' id='word_1_38' title='bbox 680 809 791 868; x_wconf 89' lang='lat' dir='ltr'><strong>hortus</strong></span> <span class='ocrx_word' id='word_1_39' title='bbox 805 827 897 888; x_wconf 80' lang='lat' dir='ltr'><strong>apes3</strong></span> 
     </span>
     <span class='ocr_line' id='line_1_8' title="bbox 177 891 1051 973; baseline 0 -19"><span class='ocrx_word' id='word_1_40' title='bbox 177 894 268 970; x_wconf 81' lang='lat' dir='ltr'><strong>Quod</strong></span> <span class='ocrx_word' id='word_1_41' title='bbox 282 894 387 954; x_wconf 79' lang='lat' dir='ltr'><strong>Cosmi</strong></span> <span class='ocrx_word' id='word_1_42' title='bbox 401 891 549 953; x_wconf 84' lang='lat' dir='ltr'><strong>redolent</strong></span> <span class='ocrx_word' id='word_1_43' title='bbox 563 892 716 952; x_wconf 86' lang='lat' dir='ltr'><strong>alabastra</strong></span> <span class='ocrx_word' id='word_1_44' title='bbox 730 893 856 972; x_wconf 81' lang='lat' dir='ltr'><strong>locique</strong></span> <span class='ocrx_word' id='word_1_45' title='bbox 872 891 1020 973; x_wconf 84' lang='lat' dir='ltr'><strong>deornm,</strong></span> <span class='ocrx_word' id='word_1_46' title='bbox 1044 922 1051 936; x_wconf 91' lang='lat'><strong>·</strong></span> 
     </span>
     <span class='ocr_line' id='line_1_9' title="bbox 137 974 935 1057; baseline -0.005 -17"><span class='ocrx_word' id='word_1_47' title='bbox 137 990 170 1040; x_wconf 83' lang='lat'><strong>10</strong></span> <span class='ocrx_word' id='word_1_48' title='bbox 219 976 310 1054; x_wconf 81' lang='lat' dir='ltr'><strong>Quod</strong></span> <span class='ocrx_word' id='word_1_49' title='bbox 325 976 416 1037; x_wconf 94' lang='lat' dir='ltr'><strong>modo</strong></span> <span class='ocrx_word' id='word_1_50' title='bbox 432 976 579 1037; x_wconf 83' lang='lat' dir='ltr'><strong>diuitibus</strong></span> <span class='ocrx_word' id='word_1_51' title='bbox 592 974 679 1057; x_wconf 90' lang='lat' dir='ltr'><strong>lapsa</strong></span> <span class='ocrx_word' id='word_1_52' title='bbox 693 995 808 1036; x_wconf 90' lang='lat' dir='ltr'><strong>corona</strong></span> <span class='ocrx_word' id='word_1_53' title='bbox 822 979 935 1038; x_wconf 75' lang='lat' dir='ltr'><strong>comior</strong></span> 
     </span>
     <span class='ocr_line' id='line_1_10' title="bbox 177 1060 1057 1141; baseline 0.002 -20"><span class='ocrx_word' id='word_1_54' title='bbox 177 1061 305 1140; x_wconf 83' lang='lat' dir='ltr'><strong>Singula</strong></span> <span class='ocrx_word' id='word_1_55' title='bbox 320 1060 394 1141; x_wconf 89' lang='lat' dir='ltr'><strong>quid</strong></span> <span class='ocrx_word' id='word_1_56' title='bbox 408 1061 531 1121; x_wconf 71' lang='lat' dir='ltr'><strong>dicam?</strong></span> <span class='ocrx_word' id='word_1_57' title='bbox 552 1080 615 1120; x_wconf 93' lang='lat' dir='ltr'><strong>non</strong></span> <span class='ocrx_word' id='word_1_58' title='bbox 631 1067 703 1121; x_wconf 88' lang='lat' dir='ltr'><strong>suut</strong></span> <span class='ocrx_word' id='word_1_59' title='bbox 716 1063 809 1137; x_wconf 85' lang='lat' dir='ltr'><strong>satis;</strong></span> <span class='ocrx_word' id='word_1_60' title='bbox 830 1063 933 1122; x_wconf 88' lang='lat' dir='ltr'><strong>omnia</strong></span> <span class='ocrx_word' id='word_1_61' title='bbox 947 1063 1057 1125; x_wconf 79' lang='lat' dir='ltr'><strong>misce:</strong></span> 
     </span>
     <span class='ocr_line' id='line_1_11' title="bbox 219 1146 834 1226; baseline 0.002 -21"><span class='ocrx_word' id='word_1_62' title='bbox 219 1147 288 1205; x_wconf 88' lang='lat' dir='ltr'><strong>Hoc</strong></span> <span class='ocrx_word' id='word_1_63' title='bbox 302 1147 443 1224; x_wconf 86' lang='lat' dir='ltr'><strong>fragrant</strong></span> <span class='ocrx_word' id='word_1_64' title='bbox 457 1146 646 1226; x_wconf 81' lang='lat' dir='ltr'><strong>pueri-bosia</strong></span> <span class='ocrx_word' id='word_1_65' title='bbox 660 1163 750 1205; x_wconf 89' lang='lat' dir='ltr'><strong>mane</strong></span> <span class='ocrx_word' id='word_1_66' title='bbox 764 1147 834 1206; x_wconf 87' lang='lat' dir='ltr'><strong>mel.</strong></span> 
     </span>
     <span class='ocr_line' id='line_1_12' title="bbox 177 1229 969 1311; baseline 0.004 -23"><span class='ocrx_word' id='word_1_67' title='bbox 177 1229 266 1290; x_wconf 89' lang='lat' dir='ltr'><strong>Scire</strong></span> <span class='ocrx_word' id='word_1_68' title='bbox 281 1231 368 1311; x_wconf 92' lang='lat' dir='ltr'><strong>capis</strong></span> <span class='ocrx_word' id='word_1_69' title='bbox 382 1230 519 1290; x_wconf 75' lang='lat' dir='ltr'><strong>nomen?</strong></span> <span class='ocrx_word' id='word_1_70' title='bbox 537 1231 565 1289; x_wconf 89' lang='lat' dir='ltr'><strong>si</strong></span> <span class='ocrx_word' id='word_1_71' title='bbox 581 1236 713 1310; x_wconf 86' lang='lat' dir='ltr'><strong>propter</strong></span> <span class='ocrx_word' id='word_1_72' title='bbox 730 1231 830 1308; x_wconf 88' lang='lat' dir='ltr'><strong>basia,</strong></span> <span class='ocrx_word' id='word_1_73' title='bbox 850 1229 969 1291; x_wconf 88' lang='lat' dir='ltr'><strong>dicam:</strong></span> 
     </span>
     <span class='ocr_line' id='line_1_13' title="bbox 219 1314 1005 1396; baseline 0.001 -22"><span class='ocrx_word' id='word_1_74' title='bbox 219 1315 339 1376; x_wconf 87' lang='lat' dir='ltr'><strong>lurasti.</strong></span> <span class='ocrx_word' id='word_1_75' title='bbox 367 1314 501 1375; x_wconf 91' lang='lat' dir='ltr'><strong>Nimium</strong></span> <span class='ocrx_word' id='word_1_76' title='bbox 515 1315 613 1391; x_wconf 85' lang='lat' dir='ltr'><strong>seire,</strong></span> <span class='ocrx_word' id='word_1_77' title='bbox 633 1314 764 1391; x_wconf 84' lang='lat' dir='ltr'><strong>Sabine,</strong></span> <span class='ocrx_word' id='word_1_78' title='bbox 786 1315 882 1396; x_wconf 88' lang='lat' dir='ltr'><strong>cupis.</strong></span> <span class='ocrx_word' id='word_1_79' title='bbox 1000 1384 1005 1393; x_wconf 50' lang='grc'><strong><em>,</em></strong></span> 
     </span>
    </p>
   </div>
   <div class='ocr_carea' id='block_1_4' title="bbox 589 1446 642 1510">
    <p class='ocr_par' dir='ltr' id='par_1_6' title="bbox 589 1446 642 1510">
     <span class='ocr_line' id='line_1_14' title="bbox 589 1446 642 1510; baseline 0.019 -1"><span class='ocrx_word' id='word_1_80' title='bbox 589 1446 642 1510; x_wconf 84' lang='grc' dir='ltr'><strong>ΙΧ.</strong></span> 
     </span>
    </p>
   </div>
   <div class='ocr_carea' id='block_1_5' title="bbox 179 1561 953 1729">
    <p class='ocr_par' dir='ltr' id='par_1_7' title="bbox 179 1561 953 1729">
     <span class='ocr_line' id='line_1_15' title="bbox 179 1561 953 1642; baseline 0.001 -20"><span class='ocrx_word' id='word_1_81' title='bbox 179 1561 291 1622; x_wconf 82' lang='lat' dir='ltr'><strong>Clarus</strong></span> <span class='ocrx_word' id='word_1_82' title='bbox 305 1562 419 1624; x_wconf 83' lang='lat' dir='ltr'><strong>fronde</strong></span> <span class='ocrx_word' id='word_1_83' title='bbox 434 1563 530 1640; x_wconf 85' lang='lat' dir='ltr'><strong>lovis,</strong></span> <span class='ocrx_word' id='word_1_84' title='bbox 550 1563 680 1622; x_wconf 73' lang='lat' dir='ltr'><strong>Romani</strong></span> <span class='ocrx_word' id='word_1_85' title='bbox 692 1563 774 1623; x_wconf 81' lang='lat' dir='ltr'><strong>fama</strong></span> <span class='ocrx_word' id='word_1_86' title='bbox 790 1564 953 1642; x_wconf 84' lang='lat' dir='ltr'><strong>cothurni,</strong></span> 
     </span>
     <span class='ocr_line' id='line_1_16' title="bbox 221 1645 861 1729; baseline 0.008 -23"><span class='ocrx_word' id='word_1_87' title='bbox 221 1646 327 1728; x_wconf 87' lang='lat' dir='ltr'><strong>Spirat</strong></span> <span class='ocrx_word' id='word_1_88' title='bbox 340 1645 474 1729; x_wconf 87' lang='lat' dir='ltr'><strong>Apellea</strong></span> <span class='ocrx_word' id='word_1_89' title='bbox 489 1646 632 1707; x_wconf 89' lang='lat' dir='ltr'><strong>redditus</strong></span> <span class='ocrx_word' id='word_1_90' title='bbox 647 1653 714 1707; x_wconf 85' lang='lat' dir='ltr'><strong>arte</strong></span> <span class='ocrx_word' id='word_1_91' title='bbox 728 1647 861 1711; x_wconf 88' lang='lat' dir='ltr'><strong>Memor.</strong></span> 
     </span>
    </p>
   </div>
   <div class='ocr_carea' id='block_1_6' title="bbox 594 1797 633 1860">
    <p class='ocr_par' dir='ltr' id='par_1_8' title="bbox 594 1797 633 1860">
     <span class='ocr_line' id='line_1_17' title="bbox 594 1797 633 1860; baseline 0.051 -2"><span class='ocrx_word' id='word_1_92' title='bbox 594 1797 633 1860; x_wconf 88' lang='lat' dir='ltr'><strong>ll.</strong></span> 
     </span>
    </p>
   </div>
   <div class='ocr_carea' id='block_1_7' title="bbox 178 1909 986 2058">
    <p class='ocr_par' dir='ltr' id='par_1_9' title="bbox 178 1909 986 2058">
     <span class='ocr_line' id='line_1_18' title="bbox 178 1909 941 1990; baseline 0 -20"><span class='ocrx_word' id='word_1_93' title='bbox 178 1909 320 1970; x_wconf 76' lang='lat' dir='ltr'><strong>Contulit</strong></span> <span class='ocrx_word' id='word_1_94' title='bbox 335 1909 373 1969; x_wconf 89' lang='lat' dir='ltr'><strong>ad</strong></span> <span class='ocrx_word' id='word_1_95' title='bbox 388 1912 497 1970; x_wconf 87' lang='lat' dir='ltr'><strong>satiras</strong></span> <span class='ocrx_word' id='word_1_96' title='bbox 512 1913 650 1989; x_wconf 84' lang='lat' dir='ltr'><strong>ingentia</strong></span> <span class='ocrx_word' id='word_1_97' title='bbox 663 1917 791 1990; x_wconf 85' lang='lat' dir='ltr'><strong>pectora</strong></span> <span class='ocrx_word' id='word_1_98' title='bbox 806 1910 941 1974; x_wconf 83' lang='lat' dir='ltr'><strong>Turnus.</strong></span> 
     </span>
     <span class='ocr_line' id='line_1_19' title="bbox 220 1994 986 2058; baseline 0.003 -4"><span class='ocrx_word' id='word_1_99' title='bbox 220 1995 284 2054; x_wconf 85' lang='lat' dir='ltr'><strong>Cur</strong></span> <span class='ocrx_word' id='word_1_100' title='bbox 297 2014 360 2053; x_wconf 91' lang='lat' dir='ltr'><strong>non</strong></span> <span class='ocrx_word' id='word_1_101' title='bbox 374 1994 413 2054; x_wconf 92' lang='lat' dir='ltr'><strong>ad</strong></span> <span class='ocrx_word' id='word_1_102' title='bbox 427 1996 576 2055; x_wconf 90' lang='lat' dir='ltr'><strong>Memoris</strong></span> <span class='ocrx_word' id='word_1_103' title='bbox 592 1995 749 2055; x_wconf 73' lang='lat' dir='ltr'><strong>carmina?</strong></span> <span class='ocrx_word' id='word_1_104' title='bbox 779 1996 892 2055; x_wconf 83' lang='lat' dir='ltr'><strong>Frater</strong></span> <span class='ocrx_word' id='word_1_105' title='bbox 908 2001 986 2058; x_wconf 90' lang='lat' dir='ltr'><strong>erat.</strong></span> 
     </span>
    </p>
   </div>
   <div class='ocr_carea' id='block_1_8' title="bbox 592 2130 642 2191">
    <p class='ocr_par' dir='ltr' id='par_1_10' title="bbox 592 2130 642 2191">
     <span class='ocr_line' id='line_1_20' title="bbox 592 2130 642 2191; baseline 0.04 -2"><span class='ocrx_word' id='word_1_106' title='bbox 592 2130 642 2191; x_wconf 90' lang='lat' dir='ltr'><strong>XI.</strong></span> 
     </span>
    </p>
   </div>
   <div class='ocr_carea' id='block_1_9' title="bbox 135 2240 986 2743">
    <p class='ocr_par' dir='ltr' id='par_1_11' title="bbox 135 2240 986 2743">
     <span class='ocr_line' id='line_1_21' title="bbox 135 2240 986 2322; baseline 0.002 -22"><span class='ocrx_word' id='word_1_107' title='bbox 135 2278 137 2281; x_wconf 95' lang='lat'>-</span> <span class='ocrx_word' id='word_1_108' title='bbox 180 2240 291 2319; x_wconf 85' lang='lat' dir='ltr'><strong>Tolle,</strong></span> <span class='ocrx_word' id='word_1_109' title='bbox 314 2261 409 2322; x_wconf 88' lang='lat' dir='ltr'><strong>puer,</strong></span> <span class='ocrx_word' id='word_1_110' title='bbox 431 2240 544 2302; x_wconf 88' lang='lat' dir='ltr'><strong>calices</strong></span> <span class='ocrx_word' id='word_1_111' title='bbox 559 2241 719 2322; x_wconf 90' lang='lat' dir='ltr'><strong>tepidique</strong></span> <span class='ocrx_word' id='word_1_112' title='bbox 735 2247 907 2302; x_wconf 87' lang='lat' dir='ltr'><strong>toreumata</strong></span> <span class='ocrx_word' id='word_1_113' title='bbox 920 2240 986 2302; x_wconf 85' lang='lat' dir='ltr'><strong>Nili</strong></span> 
     </span>
     <span class='ocr_line' id='line_1_22' title="bbox 218 2325 820 2406; baseline -0.003 -21"><span class='ocrx_word' id='word_1_114' title='bbox 218 2327 259 2385; x_wconf 85' lang='lat' dir='ltr'><strong>Et</strong></span> <span class='ocrx_word' id='word_1_115' title='bbox 274 2327 349 2385; x_wconf 91' lang='lat' dir='ltr'><strong>mihi</strong></span> <span class='ocrx_word' id='word_1_116' title='bbox 363 2345 473 2386; x_wconf 87' lang='lat' dir='ltr'><strong>secura</strong></span> <span class='ocrx_word' id='word_1_117' title='bbox 486 2325 595 2406; x_wconf 89' lang='lat' dir='ltr'><strong>pocula</strong></span> <span class='ocrx_word' id='word_1_118' title='bbox 611 2325 699 2386; x_wconf 87' lang='lat' dir='ltr'><strong>trade</strong></span> <span class='ocrx_word' id='word_1_119' title='bbox 714 2345 820 2403; x_wconf 92' lang='lat' dir='ltr'><strong>manu,</strong></span> 
     </span>
     <span class='ocr_line' id='line_1_23' title="bbox 175 2408 927 2490; baseline 0.001 -22"><span class='ocrx_word' id='word_1_120' title='bbox 175 2408 268 2468; x_wconf 75' lang='lat' dir='ltr'><strong>&#39;l&#39;rita</strong></span> <span class='ocrx_word' id='word_1_121' title='bbox 282 2417 403 2488; x_wconf 88' lang='lat' dir='ltr'><strong>patrum</strong></span> <span class='ocrx_word' id='word_1_122' title='bbox 416 2408 512 2470; x_wconf 86' lang='lat' dir='ltr'><strong>labris</strong></span> <span class='ocrx_word' id='word_1_123' title='bbox 528 2417 560 2469; x_wconf 91' lang='lat' dir='ltr'><strong>et</strong></span> <span class='ocrx_word' id='word_1_124' title='bbox 574 2418 664 2471; x_wconf 80' lang='lat' dir='ltr'><strong>tonso</strong></span> <span class='ocrx_word' id='word_1_125' title='bbox 679 2429 756 2490; x_wconf 91' lang='lat' dir='ltr'><strong>pura</strong></span> <span class='ocrx_word' id='word_1_126' title='bbox 769 2410 927 2484; x_wconf 80' lang='lat' dir='ltr'><strong>ministro;</strong></span> 
     </span>
     <span class='ocr_line' id='line_1_24' title="bbox 218 2494 798 2555; baseline 0.002 -4"><span class='ocrx_word' id='word_1_127' title='bbox 218 2494 348 2552; x_wconf 88' lang='lat' dir='ltr'><strong>Anticus</strong></span> <span class='ocrx_word' id='word_1_128' title='bbox 363 2497 477 2554; x_wconf 86' lang='lat' dir='ltr'><strong>mensis</strong></span> <span class='ocrx_word' id='word_1_129' title='bbox 492 2496 675 2555; x_wconf 90' lang='lat' dir='ltr'><strong>restituetur</strong></span> <span class='ocrx_word' id='word_1_130' title='bbox 689 2496 798 2554; x_wconf 89' lang='lat' dir='ltr'><strong>honor.</strong></span> 
     </span>
     <span class='ocr_line' id='line_1_25' title="bbox 154 2576 974 2658; baseline 0.002 -22"><span class='ocrx_word' id='word_1_131' title='bbox 154 2577 227 2637; x_wconf 78' lang='lat' dir='ltr'><strong>5Te</strong></span> <span class='ocrx_word' id='word_1_132' title='bbox 242 2583 351 2657; x_wconf 90' lang='lat' dir='ltr'><strong>potare</strong></span> <span class='ocrx_word' id='word_1_133' title='bbox 367 2576 459 2637; x_wconf 87' lang='lat' dir='ltr'><strong>decet</strong></span> <span class='ocrx_word' id='word_1_134' title='bbox 473 2596 607 2656; x_wconf 85' lang='lat' dir='ltr'><strong>gemma,</strong></span> <span class='ocrx_word' id='word_1_135' title='bbox 630 2580 682 2658; x_wconf 89' lang='lat' dir='ltr'><strong>qui</strong></span> <span class='ocrx_word' id='word_1_136' title='bbox 697 2579 842 2639; x_wconf 89' lang='lat' dir='ltr'><strong>Mentora</strong></span> <span class='ocrx_word' id='word_1_137' title='bbox 855 2578 974 2656; x_wconf 85' lang='lat' dir='ltr'><strong>frangis</strong></span> 
     </span>
     <span class='ocr_line' id='line_1_26' title="bbox 219 2660 970 2743; baseline 0.001 -22"><span class='ocrx_word' id='word_1_138' title='bbox 219 2661 253 2721; x_wconf 93' lang='lat' dir='ltr'><strong>lu</strong></span> <span class='ocrx_word' id='word_1_139' title='bbox 269 2664 425 2742; x_wconf 83' lang='lat' dir='ltr'><strong>scaphium</strong></span> <span class='ocrx_word' id='word_1_140' title='bbox 442 2663 606 2742; x_wconf 86' lang='lat' dir='ltr'><strong>moechae,</strong></span> <span class='ocrx_word' id='word_1_141' title='bbox 630 2660 866 2743; x_wconf 86' lang='lat' dir='ltr'><strong>Sardanapalle,</strong></span> <span class='ocrx_word' id='word_1_142' title='bbox 889 2669 970 2722; x_wconf 89' lang='lat' dir='ltr'><strong>tuae.</strong></span> 
     </span>
    </p>
   </div>
   <div class='ocr_carea' id='block_1_10' title="bbox 583 2798 648 2861">
    <p class='ocr_par' dir='ltr' id='par_1_12' title="bbox 583 2798 648 2861">
     <span class='ocr_line' id='line_1_27' title="bbox 583 2798 648 2861; baseline 0.046 -3"><span class='ocrx_word' id='word_1_143' title='bbox 583 2798 648 2861; x_wconf 88' lang='lat' dir='ltr'><strong>llll.</strong></span> 
     </span>
    </p>
   </div>
   <div class='ocr_carea' id='block_1_11' title="bbox 142 2908 966 3083">
    <p class='ocr_par' dir='ltr' id='par_1_13' title="bbox 142 2908 966 3083">
     <span class='ocr_line' id='line_1_28' title="bbox 179 2908 937 2990; baseline 0 -22"><span class='ocrx_word' id='word_1_144' title='bbox 179 2909 228 2968; x_wconf 88' lang='lat' dir='ltr'><strong>lus</strong></span> <span class='ocrx_word' id='word_1_145' title='bbox 242 2910 301 2969; x_wconf 88' lang='lat' dir='ltr'><strong>tihi</strong></span> <span class='ocrx_word' id='word_1_146' title='bbox 316 2917 457 2971; x_wconf 91' lang='lat' dir='ltr'><strong>natorum</strong></span> <span class='ocrx_word' id='word_1_147' title='bbox 473 2909 523 2969; x_wconf 87' lang='lat' dir='ltr'><strong>vel</strong></span> <span class='ocrx_word' id='word_1_148' title='bbox 540 2917 676 2990; x_wconf 89' lang='lat' dir='ltr'><strong>septem,</strong></span> <span class='ocrx_word' id='word_1_149' title='bbox 699 2910 805 2987; x_wconf 84' lang='lat' dir='ltr'><strong>Zoilo,</strong></span> <span class='ocrx_word' id='word_1_150' title='bbox 829 2908 937 2984; x_wconf 83' lang='lat' dir='ltr'><strong>detur,</strong></span> 
     </span>
     <span class='ocr_line' id='line_1_29' title="bbox 142 2994 966 3083; baseline 0.005 -31"><span class='ocrx_word' id='word_1_151' title='bbox 142 3075 147 3083; x_wconf 21' lang='grc' dir='ltr'><strong><em>ι</em></strong></span> <span class='ocrx_word' id='word_1_152' title='bbox 219 2994 296 3054; x_wconf 90' lang='lat' dir='ltr'><strong>Dum</strong></span> <span class='ocrx_word' id='word_1_153' title='bbox 311 3001 441 3054; x_wconf 88' lang='lat' dir='ltr'><strong>matrem</strong></span> <span class='ocrx_word' id='word_1_154' title='bbox 456 3012 546 3053; x_wconf 92' lang='lat' dir='ltr'><strong>nemo</strong></span> <span class='ocrx_word' id='word_1_155' title='bbox 564 2994 619 3054; x_wconf 90' lang='lat' dir='ltr'><strong>det</strong></span> <span class='ocrx_word' id='word_1_156' title='bbox 633 2996 707 3073; x_wconf 92' lang='lat' dir='ltr'><strong>tibi,</strong></span> <span class='ocrx_word' id='word_1_157' title='bbox 729 3014 818 3055; x_wconf 89' lang='lat' dir='ltr'><strong>nemo</strong></span> <span class='ocrx_word' id='word_1_158' title='bbox 833 3000 966 3076; x_wconf 88' lang='lat' dir='ltr'><strong>patrem.</strong></span> 
     </span>
    </p>
   </div>
   <div class='ocr_carea' id='block_1_12' title="bbox 576 3130 653 3192">
    <p class='ocr_par' dir='ltr' id='par_1_14' title="bbox 576 3130 653 3192">
     <span class='ocr_line' id='line_1_30' title="bbox 576 3130 653 3192; baseline 0.026 -2"><span class='ocrx_word' id='word_1_159' title='bbox 576 3130 653 3192; x_wconf 86' lang='lat' dir='ltr'><strong>Xlll.</strong></span> 
     </span>
    </p>
   </div>
   <div class='ocr_carea' id='block_1_13' title="bbox 170 3239 761 3578">
    <p class='ocr_par' dir='ltr' id='par_1_15' title="bbox 174 3239 761 3492">
     <span class='ocr_line' id='line_1_31' title="bbox 176 3239 761 3322; baseline 0.009 -23"><span class='ocrx_word' id='word_1_160' title='bbox 176 3239 322 3318; x_wconf 79' lang='lat' dir='ltr'><strong>Quisquis</strong></span> <span class='ocrx_word' id='word_1_161' title='bbox 336 3240 515 3302; x_wconf 81' lang='lat' dir='ltr'><strong>Flaminium</strong></span> <span class='ocrx_word' id='word_1_162' title='bbox 530 3245 625 3322; x_wconf 85' lang='lat' dir='ltr'><strong>teris,</strong></span> <span class='ocrx_word' id='word_1_163' title='bbox 646 3246 761 3322; x_wconf 80' lang='lat' dir='ltr'><strong>uiator,</strong></span> 
     </span>
     <span class='ocr_line' id='line_1_32' title="bbox 174 3322 715 3404; baseline 0.006 -22"><span class='ocrx_word' id='word_1_164' title='bbox 174 3322 245 3383; x_wconf 92' lang='lat' dir='ltr'><strong>Noli</strong></span> <span class='ocrx_word' id='word_1_165' title='bbox 259 3323 366 3384; x_wconf 90' lang='lat' dir='ltr'><strong>nobile</strong></span> <span class='ocrx_word' id='word_1_166' title='bbox 380 3329 555 3404; x_wconf 89' lang='lat' dir='ltr'><strong>praeterire</strong></span> <span class='ocrx_word' id='word_1_167' title='bbox 573 3348 715 3388; x_wconf 88' lang='lat' dir='ltr'><strong>marmor.</strong></span> 
     </span>
     <span class='ocr_line' id='line_1_33' title="bbox 174 3407 671 3492; baseline 0.01 -26"><span class='ocrx_word' id='word_1_168' title='bbox 174 3407 269 3468; x_wconf 87' lang='lat' dir='ltr'><strong>Urbis</strong></span> <span class='ocrx_word' id='word_1_169' title='bbox 284 3407 416 3470; x_wconf 89' lang='lat' dir='ltr'><strong>deliciae</strong></span> <span class='ocrx_word' id='word_1_170' title='bbox 433 3411 576 3492; x_wconf 86' lang='lat' dir='ltr'><strong>salesque</strong></span> <span class='ocrx_word' id='word_1_171' title='bbox 593 3412 671 3490; x_wconf 87' lang='lat' dir='ltr'><strong>Nili,</strong></span> 
     </span>
    </p>

    <p class='ocr_par' dir='ltr' id='par_1_16' title="bbox 170 3492 742 3578">
     <span class='ocr_line' id='line_1_34' title="bbox 170 3492 742 3578; baseline 0.003 -24"><span class='ocrx_word' id='word_1_172' title='bbox 170 3492 235 3555; x_wconf 87' lang='lat' dir='ltr'><strong>Ars</strong></span> <span class='ocrx_word' id='word_1_173' title='bbox 251 3499 284 3556; x_wconf 91' lang='lat' dir='ltr'><strong>et</strong></span> <span class='ocrx_word' id='word_1_174' title='bbox 297 3495 414 3578; x_wconf 86' lang='lat' dir='ltr'><strong>gratia,</strong></span> <span class='ocrx_word' id='word_1_175' title='bbox 437 3496 522 3558; x_wconf 88' lang='lat' dir='ltr'><strong>lusus</strong></span> <span class='ocrx_word' id='word_1_176' title='bbox 537 3505 571 3558; x_wconf 88' lang='lat' dir='ltr'><strong>et</strong></span> <span class='ocrx_word' id='word_1_177' title='bbox 584 3496 742 3578; x_wconf 81' lang='lat' dir='ltr'><strong>uoluptas,</strong></span> 
     </span>
    </p>
   </div>
   <div class='ocr_carea' id='block_1_14' title="bbox 0 0 1190 3924">
    <p class='ocr_par' dir='ltr' id='par_1_17' title="bbox 0 0 1190 3924">
     <span class='ocr_line' id='line_1_35' title="bbox 0 0 1190 3924; baseline 0 0"><span class='ocrx_word' id='word_1_178' title='bbox 0 0 1190 3924; x_wconf 95' lang='lat' dir='ltr'><strong> </strong></span> 
     </span>
    </p>
   </div>
  </div>
 </body>
</html>
