2370 3924
321 244 662 308 EPIGRAMMATON
675 245 749 306 Llll.
768 246 804 310 Π.
1042 245 1084 309 59

461 402 646 509 ἰΧΧΧιΧζ

122 559 216 640 Quod
229 559 323 619 nimio
341 556 456 637 gaudes
470 563 594 619 noctem
610 558 786 639 producere
800 561 888 640 vino,

165 643 457 724 ignosoozritium,
480 644 600 720 Gaure,
622 644 749 704 Catonis
764 645 869 707 habes.

122 730 269 792 Carmina
283 725 366 806 quod
381 728 491 786 scribis
506 727 605 787 Musis
622 734 655 786 et
669 727 816 808 Apolline
830 727 933 806 nullo,
948 745 952 753 ·

166 810 301 873 Laudari
316 809 430 870 debes:
452 812 512 870 hoc
527 811 689 871 ciceronis
702 814 807 873 habes.

100 895 219 975 5Quod
231 895 345 973 vomi,
367 895 499 953 Antoni:
523 894 607 973 quod
620 894 804 973 luxurieris,
828 897 935 978 Apici:

165 977 257 1057 Quod
271 977 378 1056 fellas,
400 979 508 1037 vitium
522 978 572 1037 dic
584 980 660 1039 mihi
675 981 760 1039 cuius
776 981 895 1041 habes?

435 1097 441 1114 ’
530 1142 595 1204 xc.

124 1255 332 1335 Quintiliane,
354 1273 448 1333 vagae
463 1254 641 1316 moderator
655 1276 772 1317 summe
787 1259 945 1333 iuventae,

167 1339 276 1402 Gloria
290 1340 463 1418 Romanae,
486 1338 693 1418 Quintiliane,
713 1348 821 1420 togae,

121 1426 239 1488 Vivere
255 1421 339 1503 quod
353 1442 490 1504 propero
504 1443 623 1503 pauper
637 1444 696 1485 nec
709 1424 830 1485 inutilis
847 1424 950 1500 annis,

167 1509 213 1568 Da
225 1509 362 1567 ueniam:
382 1513 533 1587 properat
546 1509 651 1566 vivere
665 1528 756 1568 nemo
772 1509 856 1567 satis.

99 1593 259 1656 5Differat
271 1593 332 1651 hoc
346 1592 465 1670 patrios
480 1596 566 1671 optat
582 1592 634 1672 qni
648 1593 772 1651 vincere
788 1609 899 1651 census
1008 1580 1013 1603 ¹

168 1676 319 1755 Atriaque
333 1674 506 1734 immodicis
522 1680 602 1734 artat
613 1677 805 1753 imaginibus.

123 1760 180 1822 Me
194 1759 282 1819 focus
297 1764 331 1819 et
345 1759 451 1837 nigros
465 1778 527 1817 non
542 1757 733 1837 indignantia
748 1761 849 1819 fumos

169 1844 268 1904 Tecta
281 1844 387 1903 iuvant
400 1848 433 1902 et
446 1841 515 1902 fons
529 1844 614 1903 vivus
629 1851 662 1902 et
676 1844 774 1904 herba
786 1841 882 1904 rudis.

124 1927 175 1988 Sit
188 1927 263 1987 mihi
276 1945 372 1987 verna
385 1932 488 2005 satur,
510 1927 625 1986 sitnon
642 1926 820 1988 doctissima
832 1925 979 2000 coniunx,
1015 1942 1016 1947 ’

79 2023 117 2077 lo
166 2011 214 2071 Sit
225 2030 285 2071 nox
300 2029 369 2071 cum
381 2029 504 2088 somno,
525 2011 567 2070 sit
581 2012 648 2071 sine
662 2010 719 2072 lite
735 2011 813 2076 dies.

520 2172 599 2234 XCI.

122 2301 240 2361 Rerum
256 2306 343 2360 certa
357 2298 456 2375 salus,
473 2305 629 2359 terrarum
643 2296 759 2376 gloria,
782 2297 917 2373 Caesar,

167 2384 293 2464 Sospite
309 2403 369 2463 quo
383 2402 509 2461 magnos
524 2381 678 2442 credimus
694 2399 763 2442 esse
779 2379 855 2439 deos
861 2423 873 2457 ,

123 2466 158 2527 Si
172 2469 329 2528 festinatis
342 2468 459 2527 totiens
472 2467 530 2526 tibi
543 2464 625 2526 lecta
638 2464 758 2525 libellis

167 2553 339 2612 Detinuere
356 2552 461 2623 oculos
476 2552 611 2611 carmina
623 2556 731 2610 nostra
744 2555 830 2625 tuos,

100 2634 218 2713 5Quod
231 2636 356 2695 fortuna
369 2641 453 2695 vetat
466 2636 551 2712 lieri,
573 2636 721 2715 permitte
736 2633 852 2709 videri,

165 2719 315 2780 Natorum
330 2720 454 2797 genitor
468 2718 579 2778 credar
593 2725 628 2776 ut
644 2736 714 2777 esse
729 2720 832 2778 trium.

123 2805 228 2882 Haec,
251 2804 277 2862 ai
290 2798 451 2883 displicui,
471 2787 590 2862 fuerint
605 2799 715 2860 solatia
729 2801 838 2873 nobis3

166 2888 254 2948 Haec
268 2887 387 2947 luerint
401 2887 491 2946 nobis
505 2886 659 2966 praemia,
683 2885 710 2943 si
723 2883 835 2964 placui.

515 3049 607 3110 xcfl.

122 3161 272 3224 Natorum
286 3164 363 3224 mihi
380 3163 427 3223 ius
442 3165 535 3223 trium
549 3162 672 3241 roganti

121 3246 282 3307 Musarum
296 3249 434 3328 pretium
449 3246 536 3307 dedit
550 3265 688 3306 mearum

122 3329 215 3391 Solus
232 3333 285 3411 qui
299 3338 433 3413 poterat.
462 3329 608 3408 Vulebis,
629 3348 714 3391 uxor.

121 3415 193 3476 Non
209 3414 305 3477 debet
320 3415 438 3476 domini
450 3417 557 3496 perire
573 3433 690 3475 munus.

1023 1496 1041 1563 'll
