2370 3924
353 186 694 249 EPIGRAMMATON
707 186 782 252 LIB.
797 188 819 250 1.
1064 187 1108 250 33

123 339 217 406 eSed
232 339 259 399 si
273 357 332 399 nec
343 338 432 398 iocus
448 343 497 397 est
510 356 569 398 nee
581 336 657 412 nudi
672 330 789 418 sponda
803 340 921 419 grabati

189 424 255 484 Nee
271 427 376 483 curtus
391 422 528 482 Chiones
542 423 733 503 Antiopesve
748 420 844 503 calix,

146 510 249 570 Cerea
266 508 293 567 si
307 504 425 586 pendet
439 503 552 566 lumbis
568 511 601 565 et
615 507 731 586 scripta
745 505 873 567 lacerna

188 591 400 670 Dimidiasque
417 596 506 650 nates
522 588 641 652 Gallica
654 592 747 650 braca
760 593 858 671 tegit,

144 677 290 738 Pasceris
305 680 339 734 et
352 675 460 752 nigrae
476 672 544 734 solo
560 672 671 733 nidore
686 675 806 736 culinae.

99 775 137 825 10
188 762 230 822 lat
244 759 325 819 bibis
342 757 527 818 immundam
543 777 611 817 cum
627 777 702 817 cane
719 778 835 839 pronus
853 780 976 839 aquam:

142 846 214 907 Nou
229 843 346 919 culum,
368 860 471 921 neque
486 843 567 902 enim
583 848 632 902 est
647 842 749 922 culus,
778 844 830 923 qui
843 863 905 904 non
921 852 1006 907 cacat
1020 844 1103 925 elim,

189 927 253 989 Sed
269 925 385 987 fodiam
400 924 498 1005 digito
515 927 568 1004 qui
582 933 725 1006 superest
740 925 870 990 oculum.

143 1013 213 1074 Nee
226 1029 276 1072 me
291 1008 470 1091 zelotypum
481 1029 540 1070 nec
555 1008 671 1070 dixeris
686 1029 756 1072 esse
770 1010 951 1092 malignum:

187 1097 330 1175 lienique
344 1093 491 1176 paediea,
510 1094 719 1169 Mamuriane,
742 1103 835 1157 satur.

485 1242 487 1247 ·
533 1228 637 1290 ΧΟΙΙΙ.

141 1344 288 1406 Fabricio
303 1344 425 1403 iunctus
439 1341 502 1402 fido
516 1344 686 1423 requiescit
700 1344 855 1423 Aquinus,

188 1428 248 1504 Qui
262 1428 350 1508 prior
363 1425 486 1506 Elyssia
501 1428 615 1507 gaudet
630 1427 730 1488 adisse
745 1427 860 1488 domos.

145 1513 209 1572 Ara
224 1510 338 1592 duplex
351 1512 444 1591 primi
458 1518 592 1572 testatur
606 1531 733 1571 munera
746 1511 818 1592 pili:

187 1594 262 1657 l’lus
277 1601 380 1656 tamen
395 1601 459 1672 est,
481 1594 572 1655 titulo
588 1595 670 1674 quod
688 1597 831 1655 breviore
843 1594 940 1672 legis:

120 1681 278 1743 alannae
293 1686 426 1760 uterque
440 1695 529 1740 sacro
546 1679 697 1740 laudatae
709 1679 837 1752 foedare
851 1681 950 1754 vitae,

188 1764 354 1844 Famaque
371 1763 457 1844 quod
471 1783 544 1823 raro
560 1764 661 1841 neoti,
685 1765 804 1824 amicas
818 1771 901 1825 erat.

526 1896 633 1959 xciv.

141 2007 281 2069 (laniasti
297 2005 393 2087 male,
417 2004 487 2068 dum
501 2008 602 2069 fututa
617 2028 668 2088 es,
686 2006 795 2088 Aegle.

142 2092 205 2153 lam
222 2098 327 2152 cantas
341 2094 440 2167 bene,
462 2092 608 2153 basianda
622 2112 685 2153 non
700 2111 743 2154 es.

537 2241 632 2304 XCV.

145 2351 236 2429 Quod
252 2349 363 2411 clamas
378 2370 519 2431 semper,
542 2350 624 2431 quod
639 2351 799 2431 agentibus
815 2352 986 2433 obstrepis,
1001 2350 1083 2431 Aeli,

187 2436 256 2496 Non
270 2435 347 2495 iacis
361 2437 421 2497 hoc
436 2437 548 2514 gratis:
568 2439 697 2518 accipis,
714 2442 750 2497 ut
763 2442 876 2498 taceas.

527 2568 636 2634 xcvi

143 2681 256 2742 Sinon
270 2679 432 2742 molestum
447 2688 497 2743 est
509 2689 606 2762 teque
620 2703 683 2742 nen
698 2684 801 2763 piget,
824 2702 951 2762 seaaon,

142 2765 259 2826 Nostro
273 2785 416 2844 rogamus
431 2786 528 2847 pauca
541 2768 636 2827 verba
650 2766 796 2826 Materno

143 2849 237 2910 Dicas
251 2851 285 2910 in
300 2869 405 2910 aurem
420 2851 464 2910 sic
478 2856 513 2910 ut
528 2849 630 2909 audiat
649 2847 742 2909 selus.

141 2934 272 2994 Amator
287 2931 346 2993 ille
359 2935 495 2995 tristium
508 2932 703 2994 lacernarum

119 3018 189 3078 5Et
202 3019 374 3078 baeticatus
389 3024 481 3096 atque
495 3018 750 3099 leucophaaatus,

144 3103 207 3177 Qui
222 3103 396 3163 coccinatos
410 3121 473 3161 non
486 3109 575 3182 putat
587 3104 670 3163 viros
686 3120 756 3162 esse

142 3186 440 3267 Amethystinasque
456 3185 619 3246 mulierum
633 3191 722 3246 veeat
734 3192 854 3265 vestes,

141 3269 251 3330 Nativa
264 3267 388 3350 laudet,
409 3270 522 3330 habeat
537 3276 569 3330 et
582 3270 660 3330 lieet
673 3288 797 3349 semper

140 3353 261 3414 Fuscos
279 3352 420 3433 colores,
444 3352 582 3433 galbinos
596 3356 691 3414 habet
704 3372 816 3417 mores.

100 3437 292 3582 lolgpgabit,
313 3439 396 3500 unde
415 3441 554 3519 suspicer
567 3441 665 3500 virum
679 3437 815 3501 mollem.
878 3519 900 3580 ³

180 3540 253 3584 aar.
