2370 3924
108 225 153 290 26
435 228 479 289 M.
494 227 586 290 VAL.
605 226 833 290 MARTIALIS

197 376 343 440 Gaudent
356 379 478 437 iocosae
493 378 590 438 Canio
605 397 660 438 suo
676 378 798 458 Gades,

153 471 189 524 lo
238 461 378 521 Emerita
391 460 528 521 Deciano
543 479 630 523 meo:

197 544 262 622 Te,
283 544 460 623 LicIniane,
480 544 662 623 gloriabitur
677 553 799 624 nostra,

237 629 303 688 Nec
318 646 366 688 me
379 629 496 689 tacebit
511 626 644 689 Bilbilis.

589 761 681 822 LXII.

197 875 289 936 Casta
306 894 364 935 nec
379 876 512 954 antiquis
528 872 642 934 cedens
655 874 789 935 Laevina
803 874 926 937 Sabinis

237 959 279 1019 Elt
294 960 428 1038 quamvis
442 958 556 1018 tetrico
567 959 689 1017 tristior
703 958 770 1038 Ipsa
784 960 851 1018 viro

195 1042 275 1102 Dum
289 1041 547 1119 mulchonrius,
570 1038 660 1100 modo
677 1058 711 1100 se
725 1043 882 1121 permittlt
895 1045 1038 1126 Averno,

237 1127 279 1186 Et
293 1125 365 1186 dum
379 1126 501 1185 Baianis
516 1143 610 1205 saepe
624 1125 749 1185 foretur
763 1127 867 1204 aquis,

173 1208 312 1271 alneidit
324 1211 357 1269 iu
370 1210 506 1270 flammas
523 1209 727 1287 iuvenemque
741 1216 848 1270 secuta
866 1208 979 1286 relicto

238 1294 377 1372 Coniuge
390 1291 551 1373 Penelope
567 1293 668 1369 venit,
691 1291 755 1353 abit
769 1290 905 1358 Helene.

577 1424 682 1486 LXIII.

194 1537 237 1598 Ut
252 1539 382 1599 recitem
397 1539 454 1598 tibi
468 1544 574 1598 nostra
587 1554 678 1615 rogas
693 1537 920 1616 epigrammata.
954 1540 1046 1603 Nolo.

235 1622 304 1682 Non
319 1622 444 1701 audire,
467 1620 579 1701 Celer,
603 1618 659 1680 sed
673 1621 809 1681 recitare
825 1625 920 1703 cupis.

580 1753 688 1816 LXIV.

193 1864 281 1927 Bella
294 1884 344 1944 es,
367 1868 521 1945 novimus,
543 1873 576 1927 at
592 1863 716 1947 puella,
735 1884 842 1928 verum
857 1876 925 1949 est,

43 1948 47 1953 ’
105 1968 132 2057 (p
193 1950 235 2010 Et
249 1948 348 2026 dives,
367 1952 436 2029 quis
451 1953 533 2052 enim
546 1956 654 2032 potest
667 1951 806 2034 negare?

193 2031 257 2092 Sed
274 2052 341 2092 cum
356 2039 390 2094 te
404 2036 546 2113 nlmrum,
567 2032 711 2111 Fabulla,
732 2030 859 2113 laudas,

192 2117 258 2176 Nec
276 2116 362 2178 dives
376 2136 478 2198 neque
493 2118 577 2180 bella
593 2135 650 2178 nec
665 2115 770 2198 puella
785 2138 829 2178 es.

586 2253 681 2317 LXV.

146 2361 226 2422 (lum
242 2361 304 2423 dixi
319 2364 411 2442 licus,
433 2363 519 2424 rides
537 2366 622 2438 quasi
636 2365 767 2425 barbara
780 2367 876 2427 verba

190 2445 232 2505 Et
247 2444 309 2507 dici
323 2448 416 2525 ficos,
440 2446 633 2526 caeciliane,
654 2448 752 2508 iubes.

146 2528 291 2589 Dicemus
308 2532 401 2610 ficus,
426 2551 499 2609 quas
515 2533 627 2591 scimus
641 2532 673 2590 in
689 2533 915 2611 ammoneret,

189 2612 332 2675 Dicemus
346 2615 439 2693 ticos,
461 2614 652 2692 caeciliane,
674 2621 752 2677 tuos.

569 2761 678 2826 LXVI.

188 2871 283 2931 Erras
298 2892 435 2934 meorum
450 2876 501 2934 fur
516 2895 605 2936 avare
619 2875 789 2954 librorum,

187 2953 274 3015 Fieri
289 2962 412 3035 poetam
427 2976 519 3037 posse
535 2961 587 3036 qui
602 2965 692 3038 putas
706 2966 814 3038 tanto,

189 3037 350 3118 Scriptura
368 3042 474 3118 quanti
490 3047 611 3101 constat
628 3048 661 3102 et
675 3049 775 3104 tomus
791 3043 872 3107 vilis.

187 3120 257 3179 Non
272 3140 325 3182 aex
341 3129 466 3203 paratur
481 3130 533 3183 aut
549 3121 657 3186 decem
672 3127 787 3207 sophos
803 3129 950 3188 nummis:

164 3203 320 3266 5Secreta
335 3225 449 3284 quaere
464 3209 599 3269 carmina
614 3216 647 3270 et
661 3210 755 3271 rudes
772 3231 860 3272 curas

188 3288 270 3363 Quas
285 3291 370 3349 novit
384 3311 461 3352 unus
476 3293 656 3374 scrinioque
672 3297 807 3374 signatas

187 3372 333 3432 Custodit
347 3375 415 3454 ipse
433 3377 561 3455 virginis
576 3384 667 3458 pater
682 3380 827 3457 chartae,

123 3528 129 3537 Ι
185 3455 272 3530 Quae
286 3458 360 3517 trita
376 3457 453 3519 duro
469 3479 530 3520 non
548 3462 705 3522 inhorruit
719 3469 835 3526 mento.
