2370 3924
123 253 186 317 164
448 251 493 311 M.
504 250 597 313 VAL.
610 247 836 312 MARTIALIS

184 405 249 465 ant
263 400 353 463 Gallo
368 402 516 480 Titioque
531 401 720 479 Caesioque,

206 486 323 565 Linges
337 505 400 545 non
414 485 506 563 mihi,
521 518 563 527 —
577 503 646 543 nam
660 485 758 564 proba
773 488 807 543 et
821 480 937 564 pusilla
952 491 1023 565 est,
1038 523 1083 534 —

206 568 270 630 Sed
286 587 364 649 quae
379 567 419 628 de
435 566 568 648 Solymi·
582 569 668 627 veuit
682 567 818 646 perustis

204 655 382 714 Damnatam
395 651 485 712 modo
500 649 667 712 mentulam
680 650 816 712 tributis.

603 797 681 862 LVI.

203 915 298 974 Astra
310 909 475 991 polumque
492 912 544 990 pia
556 910 715 989 percepsti
730 913 853 988 mente,
874 910 1003 992 Rabiri,

247 995 442 1056 Parrhasiam
453 995 531 1054 mira
546 994 599 1072 qui
613 994 708 1052 struis
723 999 791 1053 arte
807 991 940 1059 domum.

206 1077 354 1140 Phidiaco
370 1079 397 1138 si
412 1076 505 1156 ulgus
517 1078 580 1137 lovi
597 1074 672 1136 dare
687 1073 804 1157 templa
817 1080 956 1158 parabIt,

206 1199 209 1203 ·
246 1162 311 1222 llas
325 1168 414 1242 petet
427 1182 445 1220 a
459 1167 566 1221 nostro
581 1159 654 1220 Pisa
669 1160 812 1219 Tonante
826 1180 942 1224 manus.

594 1305 685 1369 LVII.

207 1424 336 1484 Castora
350 1419 390 1482 de
404 1418 532 1481 Polluce
548 1419 679 1481 Gabinia
691 1419 769 1480 fecii
781 1419 943 1482 Achillan:

247 1505 439 1586 Pyxagathos
452 1505 572 1583 fuerat,
593 1522 675 1563 nunc
691 1505 754 1564 erit
764 1503 989 1587 Hippodamus.

590 1667 695 1730 LVIII.

206 1784 267 1843 lam
284 1801 338 1842 sex
355 1788 408 1843 aut
421 1789 542 1863 septem
556 1784 704 1863 nupsisti,
729 1779 836 1860 Galla,
857 1783 1017 1867 cinaedis,

249 1867 328 1924 Dum
344 1886 430 1926 coma
443 1873 476 1927 tc
490 1869 616 1927 nimium
629 1886 768 1946 pexaque
782 1869 879 1927 barba
891 1869 987 1931 iuvat.

205 1948 327 2008 Deinde
343 1956 470 2029 experta
483 1949 565 2010 latua
577 1948 761 2028 madidoque
776 1948 934 2012 simillima
945 1950 1022 2015 loro

247 2032 374 2111 Inguina
388 2052 446 2093 nec
459 2032 540 2094 lassa
554 2040 636 2094 stare
652 2040 757 2094 coacta
770 2053 876 2113 manu,

184 2117 333 2178 5Deseris
346 2115 491 2178 imbelles
504 2116 656 2178 thalamos
669 2115 856 2197 mollemque
871 2121 1019 2182 maritum

248 2202 366 2262 Rursus
381 2207 414 2261 et
428 2203 461 2262 in
475 2201 592 2262 similes
608 2200 727 2261 decidis
740 2219 838 2280 usque
853 2208 949 2267 toros.

208 2286 329 2360 Quaere
344 2284 478 2365 aliquem
494 2287 605 2346 Curios
620 2303 743 2363 semper
757 2285 933 2364 Fabiosque
948 2285 1149 2369 loquentem,

249 2369 409 2429 Hirsutum
426 2376 458 2428 et
474 2369 551 2428 dura
564 2367 738 2428 rusticitate
753 2375 883 2433 trucem.

205 2452 362 2511 Invenies:
385 2451 441 2512 sed
454 2453 550 2512 habet
564 2453 663 2511 tristis
679 2470 801 2530 quoque
816 2455 908 2513 turba
922 2455 1095 2519 cinaedos:

166 2544 200 2596 10
247 2534 384 2594 Difficile
400 2543 449 2596 est
462 2554 536 2595 vero
552 2536 687 2613 nubere,
711 2534 816 2613 Galla,
838 2537 913 2598 viro.

601 2683 679 2744 LIX.

203 2795 274 2859 Non
289 2804 380 2857 cenat
394 2800 461 2859 sine
476 2817 550 2879 apro
565 2804 690 2875 noster,
712 2797 803 2875 Tite,
826 2793 1036 2864 caecilianus.

247 2879 371 2942 Bellum
386 2885 541 2943 convivam
556 2880 749 2942 Caecilianus
762 2881 866 2942 habet.

608 3029 671 3090 LX.

130 3093 139 3209 l
206 3143 361 3221 Tarpeiae
376 3139 552 3201 venerande
566 3146 672 3200 rector
686 3139 790 3219 aulae,

85 3289 103 3303 Ι,
136 3222 141 3265 ‘³
205 3227 303 3301 Quem
319 3224 403 3287 salvo
419 3224 497 3285 duce
513 3223 666 3285 credimus
683 3225 873 3304 Tonantem,

89 3312 117 3367 Is
145 3350 149 3377 1
205 3310 281 3369 Cum
295 3312 374 3370 votis
393 3310 453 3369 sibi
469 3310 598 3389 quisque
612 3317 644 3369 te
658 3309 769 3387 fatiget

148 3402 151 3433 ³
204 3393 246 3452 Et
259 3400 367 3472 poscat
383 3394 474 3472 dare,
498 3414 574 3472 quae
591 3392 642 3453 dei
656 3394 805 3473 potestis:

178 3477 256 3540 5Nil
267 3497 329 3561 pro
342 3497 392 3540 me
407 3479 501 3558 mihi,
521 3477 676 3559 Iuppiter,
697 3477 820 3558 petenti
