2370 3924
309 228 648 291 EPIGRAMMATON
661 231 734 298 LIB.
752 232 817 295 XII.
867 277 873 288 .
1021 237 1083 302 285

538 430 589 494 IX.

124 546 233 609 Palma
246 549 331 627 regit
343 554 484 626 nostros,
505 550 667 610 mitissime
682 549 812 629 Caesar,
833 553 985 634 Hiberos,

166 632 209 694 Iit
222 631 344 712 placido
360 633 474 693 fruitur
487 653 546 712 pax
559 633 727 713 peregrina
741 635 822 714 iugo.

123 717 208 795 Ergo
224 718 340 796 agimus
356 714 431 776 laeti
445 722 531 777 tanto
547 737 604 796 pro
619 736 748 778 munere
763 725 883 797 grates3

166 800 283 860 Misisti
297 818 399 860 mores
412 801 445 858 in
459 797 529 860 looa
544 807 650 861 nostra
665 807 743 863 tuos.

544 933 581 994 X.

124 1052 230 1113 Habet
247 1049 412 1111 Africanus
426 1048 565 1128 miliens,
586 1056 690 1110 tamen
705 1058 815 1131 captat.

121 1135 264 1197 Fortuna
277 1131 384 1195 multis
398 1133 451 1205 dat
463 1134 570 1212 nimis,
592 1135 666 1195 satis
680 1132 768 1199 nullI.

540 1267 591 1329 XI.

121 1386 291 1447 Parthenio
307 1384 373 1465 die,
394 1385 498 1464 Musa,
518 1391 572 1446 tuo
587 1391 756 1466 nostroque
772 1385 918 1466 salutem3

163 1470 239 1531 Nam
255 1471 323 1550 quis
337 1471 375 1530 ab
389 1469 489 1529 Aonio
502 1468 617 1548 largius
635 1489 724 1531 amne
738 1472 840 1532 bibiti

122 1555 218 1616 Cuius
232 1551 373 1633 Pimpleo
388 1551 457 1633 lyra
471 1553 584 1615 clarior
598 1555 662 1615 exit
676 1557 714 1616 ab
730 1556 842 1616 antroi

154 1639 264 1714 Quem
277 1637 348 1717 plus
362 1638 468 1698 PierIo
483 1637 523 1697 de
538 1656 633 1716 grege
647 1639 792 1700 Phoebus
808 1640 910 1701 amati

97 1722 165 1785 oEt
180 1722 208 1781 si
222 1723 323 1800 forte,
346 1720 401 1782 sed
415 1722 474 1781 hoe
488 1723 537 1782 vix
550 1730 601 1782 est
615 1741 759 1802 sperare,
782 1724 920 1802 vacabit,

166 1805 285 1865 Tradat
299 1812 333 1866 ut
347 1806 415 1885 ipse
431 1805 501 1866 duci
516 1808 650 1866 earmina
663 1812 786 1884 nostra,
809 1826 900 1886 roga3

120 1890 275 1967 Quattuor
289 1895 323 1949 et
336 1895 454 1949 tanturn
468 1889 671 1969 timidumque
689 1893 877 1970 brevemque
890 1889 1032 1953 libellum

163 1972 366 2034 (Iommendet
380 1975 483 2034 verbis
497 1975 609 2052 „Hune
623 1981 675 2035 tua
689 1975 790 2036 Roma
803 1974 914 2054 legit.“

489 2096 490 2100 ¹
525 2107 590 2169 XII.

122 2219 232 2279 Omnia
245 2218 420 2298 promittis,
442 2237 511 2278 eum
523 2224 590 2279 tota
604 2226 695 2280 noete
710 2221 834 2296 bibisti3

163 2303 257 2364 Mane
276 2301 355 2363 nihil
368 2307 518 2383 praestas.
550 2302 657 2381 Polio,
679 2321 767 2363 mane
783 2304 865 2366 bibe.

521 2435 599 2498 XIII.

120 2549 242 2626 Genus,
262 2550 377 2627 Aucte,
399 2546 480 2609 lueri
495 2545 606 2609 diuites
619 2549 736 2611 habent
749 2551 835 2612 iram.

120 2631 249 2710 Odisse,
272 2653 360 2712 quam
375 2632 508 2711 donare,
530 2630 621 2692 vilius
635 2640 764 2696 constat.

518 2764 598 2827 XIV.

120 2877 248 2937 Parcius
262 2877 380 2955 utaris,
402 2895 530 2954 moneo,
550 2877 692 2956 rapiente
706 2874 839 2954 veredo,

162 2960 287 3038 Prisce,
309 2979 368 3020 neo
382 2962 414 3020 in
428 2958 555 3041 lepores
570 2966 633 3020 tom
646 2958 800 3021 violentus
815 2977 878 3024 eas.

122 3044 223 3124 Saepe
238 3044 390 3104 satisfecit
403 3044 538 3125 praedae
552 3051 697 3123 venator,
719 3050 752 3105 et
766 3043 830 3103 aori

163 3127 289 3188 Decidit
304 3147 465 3207 excussus,
486 3148 545 3189 nec
559 3128 733 3206 rediturus,
755 3146 845 3207 equo.

98 3211 253 3274 51nsidina
270 3218 304 3271 et
318 3232 441 3292 campus
457 3215 565 3273 habete
587 3231 646 3272 uec
660 3213 761 3289 fossa,
781 3229 840 3271 uec
857 3228 966 3291 agger,

162 3296 227 3355 Nec
241 3296 304 3355 sint
318 3317 389 3356 saxa
400 3294 493 3375 licet,
514 3296 627 3356 fallere
641 3293 733 3375 plana
746 3293 858 3361 solent.

120 3379 191 3439 Non
207 3378 310 3438 deerit
324 3381 376 3458 qui
391 3387 476 3441 tauto
490 3380 548 3439 tibi
564 3378 738 3459 spectacula
751 3386 907 3460 praestet,

163 3462 280 3523 Invidia
294 3464 351 3523 fati
367 3464 422 3524 sed
435 3463 554 3524 leviore
569 3461 657 3522 eadat
