2370 3924
90 223 155 288 232
418 220 464 282 M.
478 221 571 283 VAL.
586 220 815 282 MARTIALIS

217 377 261 436 Et
274 376 467 454 praetextata
481 370 580 432 cultus
596 374 744 452 micitia,

153 459 229 520 ol'u
242 459 336 533 iacis;
357 459 389 516 in
404 459 499 516 terris
511 475 577 535 quo
591 464 718 516 nonest
731 456 814 519 alter
828 459 963 522 Hiberis

220 540 348 603 Dulcior
366 547 399 601 et
411 559 486 601 vero
501 538 611 618 dignus
631 559 735 601 amore
749 543 855 621 magis.

179 627 296 688 Tecum
311 644 369 704 ego
383 622 434 684 vel
447 625 523 683 sicci
538 623 670 685 Gaetula
683 624 815 706 mapalia
828 625 929 688 Poeni

218 712 261 771 Et
274 716 415 789 poteram
431 708 590 787 Scythicas
605 709 703 768 hostis
718 729 821 770 amare
837 731 933 774 casas

177 795 211 855 Si
224 796 282 855 tibi
298 812 384 853 mens
399 791 524 869 eadem,
540 793 567 851 si
581 793 680 852 nostri
694 800 798 854 mutua
813 813 889 856 cura
903 801 975 878 est,

134 889 169 942 10
218 879 251 939 ln
268 894 450 957 quocunque
464 872 534 934 loco
549 875 645 935 Roma
660 875 777 938 duobus
792 879 864 940 erit.

579 1008 659 1070 XXI.

178 1124 325 1184 Scribere
340 1127 372 1182 te
391 1140 468 1201 quae
482 1122 533 1181 vix
546 1121 700 1200 intelligat
713 1123 781 1201 ipre
795 1123 968 1186 Modestus

218 1209 260 1268 Et
275 1209 324 1268 vix
339 1205 506 1284 Claranus,
530 1205 603 1285 quid
617 1225 709 1284 rogo,
732 1206 842 1285 Sexte,
865 1209 976 1270 iuvat?

176 1293 246 1353 Non
260 1290 380 1351 lectore
396 1291 457 1351 tuis
473 1308 549 1369 opus
564 1295 627 1366 ert,
649 1290 706 1349 sed
719 1289 886 1371 Apolline,
907 1292 1025 1356 librise

218 1375 323 1437 ludioe
336 1381 369 1435 te
384 1376 482 1434 maior
496 1374 594 1435 Cinna
609 1373 740 1434 Marone
755 1375 822 1436 fuit.

154 1459 230 1522 asic
244 1467 296 1521 tua
309 1458 476 1519 laudentur
491 1475 580 1517 sane:
602 1476 670 1517 mea
685 1460 834 1537 carmina,
858 1459 977 1541 Sexte,

220 1543 433 1605 Grammaticis
447 1541 606 1621 placeant,
627 1547 661 1601 ut
675 1543 742 1601 sine
759 1543 990 1609 Grammaticis.

582 1674 676 1735 llllll.

179 1793 242 1852 Cur
258 1789 411 1871 spleniato
426 1807 519 1868 saepe
533 1787 682 1868 prodeam
696 1794 801 1847 mento

177 1875 295 1936 Albave
309 1877 410 1954 pictus
425 1893 497 1932 sana
511 1872 598 1933 labra
612 1890 751 1950 cerussa,

176 1958 335 2036 Philaeni,
360 1957 505 2037 qnaeris?
528 1957 648 2015 basiare
662 1961 695 2015 te
711 1954 795 2016 nolo.

524 2171 527 2182 ,
561 2102 667 2164 xmu.

177 2220 239 2281 lam
254 2224 395 2278 numerat
409 2216 532 2298 placido
548 2217 623 2277 felix
638 2219 790 2277 Antonius
804 2238 878 2279 aevo

222 2303 430 2381 Quindeciens
447 2308 528 2362 actas
546 2301 667 2361 Primus
683 2300 881 2382 Olympiadas

177 2388 431 2464 Praeteritosque
448 2386 515 2445 dies
528 2392 560 2445 et
575 2391 658 2445 totos
673 2387 803 2465 respicit
818 2407 931 2466 annos,

219 2472 284 2530 Nec
298 2471 408 2528 metuit
423 2470 540 2528 Lethes
554 2471 613 2528 iam
629 2471 784 2549 propioris
799 2491 902 2549 aquas.

156 2552 270 2616 oNulla
285 2551 463 2612 recordanti
477 2553 529 2612 lux
544 2559 592 2611 est
606 2555 726 2631 ingrata
742 2556 920 2633 gravisque:

219 2636 311 2697 Nulla
328 2637 405 2714 suit,
428 2637 513 2695 cuins
526 2656 588 2694 non
603 2639 778 2697 meminisse
792 2637 878 2699 velit.

177 2721 314 2802 Ampliat
328 2722 437 2782 aetatis
452 2722 582 2801 spatium
598 2723 657 2781 sihi
670 2723 717 2780 vir
732 2724 845 2781 honus:
862 2723 922 2781 hoc
937 2727 986 2783 est

221 2808 335 2869 Vivere
350 2807 415 2886 bis,
435 2807 497 2867 vita
512 2824 604 2885 posse
618 2806 725 2885 priore
739 2806 811 2867 frui.

461 3009 465 3016 ,
562 2938 673 3002 xxiv.

177 3049 303 3111 Natales
321 3052 395 3111 milri
407 3051 540 3110 Martiae
554 3050 729 3128 Kalendae,

176 3134 243 3195 Lux
257 3135 423 3194 formosior
439 3136 578 3195 omnihus
592 3133 750 3210 Kalendis,

178 3219 244 3294 Qua
260 3219 386 3278 mittunt
400 3219 474 3278 mihi
489 3239 598 3278 munus
613 3224 645 3278 et
658 3218 799 3298 puellae,

179 3301 435 3380 quinquagesima
448 3301 510 3362 liba
527 3305 749 3382 septimamque

176 3385 301 3449 Vestris
317 3384 456 3444 addimus
470 3387 550 3445 hanc
565 3387 644 3445 focis
658 3404 804 3446 acerram.

175 3469 234 3530 111·
249 3487 319 3550 vos,
342 3470 368 3529 si
382 3475 485 3529 tamen
501 3468 643 3550 expedit,
663 3477 785 3548 roganti
