2370 3924
328 239 668 301 EPIGRAMMATON
678 241 751 302 LIB.
766 241 817 302 XI.
1029 244 1093 307 269

539 440 601 501 Lll.

132 557 267 620 cenabis
282 551 384 630 belle,
407 551 465 612 luli
482 550 640 631 Cerealis,
662 553 743 632 apud
757 572 823 629 me;

175 639 321 702 Conditio
337 642 386 697 est
401 636 512 697 melior
527 638 554 696 si
567 639 626 696 tibi
640 637 740 714 nulla,
762 639 841 699 veni.

132 726 278 786 Octavam
293 723 413 802 poteris
428 739 571 794 servare3
591 720 761 781 lavabimur
774 741 851 781 uua:

175 809 260 886 Scis,
283 826 372 885 quam
388 807 451 864 rint
466 805 616 884 Stephani
631 803 743 865 balnea
756 806 860 865 iuncta
874 807 958 869 mihi.

107 893 238 956 5Prima
252 891 310 951 tibi
325 889 448 949 dabitur
462 890 565 948 ventri
579 889 699 949 lactuca
712 889 863 949 movendo

172 974 284 1052 Utilis,
305 979 338 1052 et
354 974 456 1053 porris
470 972 523 1032 fila
537 980 659 1033 resecta
673 975 745 1036 suis.

133 1061 209 1121 Mox
222 1064 311 1118 vetus
327 1062 360 1116 et
375 1058 461 1117 tenui
476 1059 573 1116 maior
589 1056 715 1136 cordyla
728 1056 867 1135 lacerto,

176 1142 240 1203 Sed
255 1161 344 1221 quam
361 1160 429 1200 cum
444 1147 532 1200 rutae
547 1140 711 1201 frondibus
727 1161 782 1200 ova
796 1147 911 1220 tegant.

135 1227 244 1288 Altera
257 1245 321 1285 non
336 1224 470 1284 deerunt
485 1226 571 1283 tenui
586 1230 708 1284 versata
722 1224 829 1284 favilla

87 1325 124 1376 10
173 1312 216 1374 Et
230 1310 415 1373 Velabrensi
429 1328 526 1368 massa
543 1314 649 1368 coacta
662 1309 750 1382 foco;

132 1397 173 1457 ut
188 1413 266 1474 quae
281 1394 429 1453 Picenum
447 1398 612 1452 senserunt
625 1393 723 1470 frigus
738 1390 846 1452 olivae.

175 1479 261 1538 llaec
277 1478 351 1538 satis
366 1478 399 1535 in
415 1483 513 1554 gustu.
544 1476 659 1537 cetera
672 1495 764 1536 nosse
779 1475 887 1556 cupiri

131 1563 286 1640 Mentiar,
306 1569 341 1620 ut
355 1562 477 1620 venias:
499 1562 618 1640 pisces,
641 1559 817 1639 conchylia,
840 1578 947 1619 sumen

174 1647 216 1706 lat
232 1645 349 1706 chortis
364 1651 482 1704 saturas
497 1650 590 1723 atque
604 1642 727 1724 paludis
743 1663 830 1721 aves,

87 1745 124 1796 15
133 1733 218 1808 Quae
234 1748 292 1790 nee
308 1726 409 1788 Stella
423 1727 504 1789 solet
516 1749 587 1789 rara
600 1729 661 1787 nisi
675 1746 795 1807 ponere
811 1747 896 1789 cena.

176 1812 250 1874 Plus
266 1832 323 1892 ego
339 1811 506 1892 polliceor:
528 1811 574 1871 nil
589 1813 727 1872 recitabo
743 1813 810 1872 tibi.

134 1901 204 1980 lpse
218 1905 287 1959 tuos
306 1899 395 1957 nobis
411 1896 532 1975 relegas
546 1895 624 1957 licet
640 1914 738 1975 usque
756 1896 919 1974 Gigantas,

174 1984 256 2042 Rura
271 1979 322 2041 vel
337 1987 464 2041 aeterno
478 1983 617 2062 proxima
631 1979 782 2058 Vergilio.

531 2114 606 2176 Llll.

137 2229 267 2291 Claudia
282 2227 434 2291 caeruleis
450 2248 518 2287 eum
532 2229 574 2286 sit
588 2228 697 2286 Rufina
710 2228 866 2287 Britannis

176 2314 284 2392 Edita,
308 2334 396 2392 quam
410 2312 516 2371 Latiae
532 2316 660 2390 pectora
675 2312 777 2388 gentis
791 2311 900 2370 habet!

135 2397 233 2475 Quale
249 2398 343 2458 decus
358 2395 494 2456 formae!
523 2394 689 2453 Romanam
705 2393 838 2455 credere
852 2400 967 2454 matres

176 2480 303 2542 Italides
318 2487 462 2561 possunt,
488 2477 635 2538 Atthides
650 2498 720 2539 esre
735 2499 827 2538 suam.

111 2567 176 2628 obi
190 2568 288 2644 bene,
312 2564 394 2643 quod
408 2570 513 2624 sancto
528 2563 654 2643 peperit
667 2563 800 2623 fecunda
816 2565 942 2641 marito,

176 2649 267 2726 Quod
281 2655 387 2729 sperat
400 2667 531 2726 generos
547 2646 691 2725 quodque
707 2647 813 2727 puella
826 2666 929 2706 nurus.

135 2734 187 2794 Sic
200 2732 322 2814 placeat
336 2733 474 2812 superis,
496 2737 531 2788 ut
546 2732 676 2806 coniuge
691 2729 824 2807 gaudeat
839 2750 898 2789 uuo

174 2819 217 2878 Et
230 2836 354 2897 semper
368 2816 448 2875 natis
463 2812 595 2892 gaudeat
608 2811 665 2871 illa
680 2813 789 2873 tribus.

536 2947 614 3009 LIV.

133 3067 299 3144 Unguenta
313 3071 346 3125 et
363 3067 458 3124 casias
474 3071 508 3124 et
523 3062 660 3124 olentem
674 3065 784 3124 funera
798 3063 953 3142 myrrham

178 3150 324 3228 Turaque
339 3148 379 3208 de
394 3147 496 3209 medio
511 3149 724 3208 semicremata
738 3167 829 3226 rogo,

133 3234 176 3294 Et
189 3252 268 3313 ¹quae
284 3233 323 3293 de
340 3234 447 3312 Stygio
462 3235 592 3312 rapuisti
607 3234 745 3291 cinnama
759 3230 861 3308 lecto,

177 3319 320 3397 Improbe
338 3317 376 3377 de
392 3318 491 3398 turpi,
514 3316 621 3393 Zoile,
643 3315 742 3375 redde
758 3316 834 3375 sinu.

111 3403 165 3463 5A
180 3401 312 3481 pedibus
328 3400 467 3461 didicere
484 3420 589 3459 manus
605 3418 736 3479 peccare
753 3411 928 3479 protervae.

177 3485 247 3545 Non
262 3487 359 3544 mlror
372 3486 491 3563 furem,
515 3485 568 3562 qui
582 3484 727 3561 fugitivus
745 3501 827 3548 eras.
