2370 3924
90 235 155 303 292
414 235 459 299 II.
474 236 567 301 VAL.
583 235 811 298 MAR'IIALIS

539 438 679 501 XXXVI.

176 555 286 616 Libras
301 557 463 633 quattuor,
480 556 531 610 aut
546 550 621 611 duas
635 552 731 612 amico

176 637 402 716 Algentemque
415 640 517 713 togam
532 636 719 715 brevemque
732 633 873 718 laenam,

175 719 334 782 Interdum
349 717 489 779 aureolos
504 737 595 778 manu
609 724 790 799 crepantes,

176 805 301 865 Possint
317 801 433 862 ducere
449 803 502 880 qui
517 800 592 861 duas
605 800 776 883 Kalendas,

155 887 269 965 5Quod
281 904 388 964 nemo,
410 887 471 945 nisi
484 891 535 964 tu,
555 885 700 964 Labulle,
723 884 835 967 donas,

175 972 312 1047 Nonas,
334 968 428 1029 crede
441 969 533 1046 mibi,
555 971 662 1030 bonus.
694 969 776 1046 Quid
791 972 892 1051 ergo?

176 1056 220 1116 Ut
233 1074 340 1115 verum
352 1051 478 1132 loquar,
500 1054 632 1132 optirnus
647 1051 797 1116 malorum
812 1074 857 1119 es.

176 1139 306 1198 Pisones
321 1138 518 1215 Senecasque
531 1137 774 1216 Memmiosque,

176 1224 218 1284 Et
232 1222 359 1302 crispos
375 1221 450 1281 mibi
463 1219 579 1298 redde,
600 1220 655 1281 sed
668 1223 808 1301 priores:

134 1305 248 1369 loFies
261 1307 403 1386 protinus
416 1303 543 1364 ultimus
556 1305 717 1368 bonorum.

175 1391 232 1452 Vis
247 1409 338 1450 cursu
351 1387 544 1469 pedibusque
559 1387 707 1466 gloriari?

177 1474 296 1553 Tigrim
310 1475 398 1533 vince
412 1471 573 1550 levemque
587 1472 792 1534 Passerinum.

175 1556 268 1618 Nulla
283 1563 332 1617 est
345 1555 443 1636 gloria
456 1557 631 1636 praeterire
646 1554 766 1617 asellos.

532 1703 684 1767 XXXVII.

174 1820 307 1881 Nasutus
321 1821 446 1880 nimium
462 1821 547 1900 cupis
561 1819 670 1880 videri.

174 1904 322 1964 Nasutum
335 1903 421 1981 volo,
441 1903 513 1963 nolo
528 1902 721 1984 polyposum.

533 2032 696 2093 XXXVIII.

177 2145 268 2204 Ilunc
284 2145 336 2225 qui
352 2145 495 2204 femineis
510 2149 680 2224 noctesque
696 2143 825 2224 diesque
838 2143 1005 2204 cathedris

215 2228 336 2289 IncedIt
349 2233 415 2288 tota
429 2235 520 2288 notus
536 2229 567 2287 in
582 2229 659 2287 urbe
675 2229 782 2305 nimis,

174 2313 269 2372 Crine
285 2314 404 2390 nitens,
427 2314 517 2391 niger
531 2319 703 2390 unguento,
724 2309 904 2392 perlucidus
920 2318 1032 2394 ostro,

216 2396 280 2455 Ore
294 2401 401 2472 tener,
421 2394 501 2455 latus
516 2404 662 2474 pectore,
682 2414 773 2455 crure
789 2394 912 2474 glaber,

151 2479 272 2540 bUrori
289 2481 341 2558 qui
356 2497 449 2559 saepe
463 2484 536 2537 tuae
552 2498 654 2539 comes
669 2481 827 2559 improbus
841 2479 976 2540 haeret:

57 2558 60 2563 ’
214 2561 283 2621 Non
297 2568 346 2622 est
361 2561 443 2643 quod
457 2563 580 2638 timeas,
603 2562 757 2623 Candide:
779 2582 840 2623 non
856 2561 965 2627 futuit.

537 2701 674 2763 XXXIX.

173 2813 233 2874 0di
248 2820 299 2894 te,
322 2817 392 2895 quia
405 2813 508 2875 bellus
522 2834 572 2893 es,
592 2814 726 2875 Sabelle.

171 2897 234 2958 Res
249 2905 298 2959 est
310 2898 434 2980 putida,
455 2898 555 2959 bellus
572 2904 604 2958 et
618 2899 776 2975 Sabellus,

170 2980 291 3042 bellum
306 2983 440 3060 denique
456 2982 551 3059 malo,
575 3002 664 3060 quam
678 2982 844 3043 Sabellum.

172 3064 327 3126 Tabescas
341 3068 473 3144 utinam,
495 3065 636 3144 Sabelle,
657 3066 756 3126 belle!

574 3191 637 3252 XL.

170 3299 333 3377 Mentiris,
354 3299 463 3361 credo:
485 3296 599 3363 recitas
614 3302 694 3362 mala
709 3304 859 3382 carmiua,
879 3302 993 3368 lsudor

216 3381 344 3460 Gratas,
368 3390 472 3443 canto:
494 3386 591 3464 bibis,
613 3384 805 3466 Pontiliane,
825 3391 910 3453 bibo.

167 3462 279 3548 Pedio,
304 3463 479 3530 dissimulo:
499 3487 617 3550 gemma
630 3472 675 3531 vis
689 3468 817 3550 ludere,
838 3474 964 3534 vincon
