2370 3924
316 195 828 294 ,Ειιιιιιιιιιιιιιιιιοιιιιιι,ιι.Ι
1042 228 1082 297 ιι

515 431 650 493 LXXVI.

123 544 259 623 Argenti
271 541 368 604 libras
384 545 503 605 Marius
517 546 575 606 tibi
590 546 727 625 quinque
740 543 880 626 reliquis.

167 628 226 688 cni
239 627 319 689 nihil
331 629 399 709 ipse
412 627 521 707 dahas,
542 630 594 688 hie
608 631 667 689 tihi
679 631 775 690 verba
789 629 886 692 dedii.

486 761 636 825 LXXVII

123 873 273 951 GosoonI,
296 873 348 952 qui
362 871 454 953 longa
467 879 557 954 putas
570 875 789 954 epIgrammata
804 883 927 968 nostra,

164 955 259 1018 Utilis
272 956 425 1035 ungendis
440 959 545 1018 axibus
560 975 630 1018 esse
644 965 744 1038 potes.

122 1041 190 1101 Hae
205 1045 241 1099 tu
256 1039 429 1115 credideris
442 1040 569 1120 longum
583 1044 705 1102 ratione
721 1040 864 1103 colosson

164 1124 207 1185 Et
220 1142 350 1204 puerum
367 1126 457 1185 Bruti
475 1126 591 1186 dixeris
606 1144 676 1186 esse
690 1128 827 1190 brevem.

98 1207 218 1269 5Disoe
234 1206 340 1287 quod
330 1228 470 1287 ignoras.
491 1209 591 1270 Marsi
605 1208 751 1288 doctique
765 1209 903 1271 Pedonis

166 1291 266 1372 Saepe
281 1290 395 1373 duplex
412 1312 506 1353 unum
519 1295 631 1374 pagina
645 1300 759 1355 tractat
774 1315 859 1375 opas.

120 1375 191 1436 Non
205 1382 278 1436 sunt
290 1375 384 1456 longa
399 1379 508 1455 quihus
522 1377 600 1437 nihil
616 1377 761 1457 estquod
777 1377 904 1439 demere
918 1380 1038 1473 possis,
1068 1386 1135 1471 p

75 1473 79 1481 '
164 1459 228 1520 Sed
241 1467 293 1541 tu,
315 1461 465 1541 Cosconi,
488 1461 622 1547 disticha
635 1461 729 1541 longa
742 1456 872 1524 faciss'

475 1594 638 1659 LXXVIII.

121 1706 249 1766 Aestivo
265 1724 370 1766 serves
385 1708 570 1789 uhi'pisoem
584 1713 727 1789 tempore
742 1709 888 1786 quaeris?

167 1790 201 1850 In
216 1790 347 1851 thermis
362 1809 465 1870 serva,
489 1791 683 1871 Caeciliano,
702 1794 774 1852 tuis.

492 1926 628 1990 LXXIX.

121 2041 234 2102 Invitas
250 2046 325 2102 tuno
340 2062 406 2122 me,
429 2064 497 2104 oum
512 2046 589 2124 sois,
609 2041 736 2122 Nasica,
757 2064 893 2109 vocasse.

163 2126 349 2186 Excusatum
361 2128 476 2188 habeas
490 2146 539 2188 me
553 2147 645 2207 rogo:
668 2146 745 2187 oeno
760 2128 852 2189 domi.
957 2144 959 2156 ·

496 2261 618 2322 LXXX.

122 2370 255 2431 Hostem
270 2392 338 2433 oum
352 2374 492 2453 fugeret,
515 2392 549 2433 se
564 2373 700 2433 Fannius
716 2373 784 2452 ipse
803 2373 947 2453 peremit.

163 2455 225 2515 Hie
239 2476 316 2536 rogo
330 2476 394 2517 non
409 2457 577 2535 irrorent,
598 2476 638 2517 ne
654 2458 805 2535 moriare,
827 2457 929 2517 mor-ii

491 2591 626 2653 LXXXI.

120 2709 234 2770 Laxior
248 2710 436 2791 hexaphoris
451 2716 504 2770 tua
523 2711 564 2770 sit
578 2708 692 2769 lectica
706 2706 832 2768 licebit·

164 2795 241 2855 Cum
255 2801 359 2856 tamen
373 2796 452 2855 haee
465 2800 519 2854 tua
533 2795 574 2852 sit
581 2789 718 2870 ‚Zoile‚
740 2790 897 2871 sandapila
911 2796 969 2853 est.

484 2926 660 2987 LXXXII.-

120 3041 250 3102 Abscisa
264 3060 386 3103 servum
398 3038 472 3119 quid
485 3039 572 3118 figis,
592 3040 740 3116 Pontice,
760 3037 891 3118 lingua?

162 3125 278 3187 Nescia
292 3132 328 3186 tu
341 3121 490 3206 populum
505 3123 589 3203 quod
602 3128 686 3184 tacet
699 3120 757 3183 ille
771 3121 881 3202 loquii

474 3257 637 3319 LXXXIII.

119 3374 269 3437 Foedasti
282 3376 446 3454 miserum,
469 3375 596 3453 marite,
619 3373 796 3453 moechum,

118 3458 161 3520 lit
175 3478 225 3539 se,
250 3460 303 3539 qui
318 3459 443 3523 fuerant
459 3460 563 3539 prius,
585 3459 749 3538 requirunt
