2370 3924
345 237 686 299 EPIGRAlissllATON
698 237 772 300 LIB.
787 239 835 299 Ill.
1072 238 1113 302 77

154 390 237 469 Quid
251 390 297 449 vis
310 408 378 467 me,
401 408 495 467 rogo,
517 390 662 464 Phoebe,
685 391 858 470 suspicari?

151 472 285 536 Mollem
301 472 433 534 credere
446 480 478 531 te
492 474 592 532 virum
604 470 761 550 volebam,

129 557 220 621 oSed
234 577 340 617 rumor
355 562 448 635 negat
462 574 531 618 esse
545 563 578 616 te
595 555 765 618 cinaedum·

526 689 661 752 LXXIV.

152 788 311 850 Psilothro
325 789 436 848 faciem
449 787 534 848 levas
549 794 582 848 et
597 788 731 868 dropace
746 788 870 851 calvam.

195 871 351 952 Numquid
366 878 541 950 tonsorem,
564 872 759 952 Gargiliane,
780 874 894 935 times?

155 955 237 1034 Quid
251 957 368 1016 facient
383 956 521 1034 ungues?
540 975 611 1014 nam
625 963 712 1017 certe
727 976 790 1017 non
806 964 897 1038 potes
912 955 984 1018 illos

195 1041 326 1116 Resina,
346 1040 469 1102 Veneto
485 1057 544 1098 nec
561 1058 706 1101 resecare
722 1038 799 1100 luto.

128 1124 286 1201 blleaine,
309 1125 336 1182 si
349 1123 451 1203 pudor
465 1128 530 1199 eat,
547 1124 690 1183 miseram
703 1123 870 1186 traducere
885 1123 1014 1186 calvam:

193 1207 263 1267 Hoc
279 1208 350 1267 fleri
366 1225 483 1285 cunno,
505 1205 700 1284 Gargiliane,
722 1207 812 1270 solet.

531 1340 653 1402 LXXV.

153 1438 260 1518 Stare,
281 1438 440 1519 Luperca,
461 1440 521 1500 tibi
534 1440 595 1499 iam
609 1437 731 1519 pridem
744 1440 880 1502 mentula
897 1440 994 1521 desit,

194 1521 336 1583 Luctaris
352 1522 479 1583 demens
494 1530 529 1581 tn
541 1524 808 1601 tamen-arrigere.

153 1605 216 1665 Sed
229 1604 310 1666 nihil
327 1625 440 1667 erucae
455 1606 574 1666 faciunt
589 1604 735 1686 bulbique
750 1605 883 1686 salaces,

199 1690 341 1770 Improba
355 1708 415 1750 nec
430 1695 561 1770 prosunt
576 1691 636 1749 iam
651 1692 787 1750 satureia
800 1692 868 1753 tibi.

129 1773 296 1853 booepisti
310 1793 403 1853 puras
419 1774 528 1853 opibus
542 1792 743 1854 eorrumpere
757 1775 884 1836 buccas:

193 1857 245 1916 Sic
262 1875 384 1936 quoque
398 1875 460 1916 non
474 1858 548 1918 vivit
566 1855 732 1919 sollicitata
745 1858 861 1921 Venus.

151 1940 264 2001 Mirari
277 1942 351 2001 satis
365 1942 425 2000 hoe
441 1942 600 2020 quisquam
614 1941 665 2003 vel
680 1941 813 2003 credere
829 1944 945 2023 possit,

193 2023 283 2101 Quod
296 2043 359 2084 non
373 2029 451 2101 stat,
473 2044 582 2103 magno
597 2032 696 2104 stare,
718 2026 877 2107 Luperee,
897 2028 979 2088 tibi?

528 2158 665 2220 LXXVI.

151 2256 273 2333 Arrigis
289 2253 327 2314 ad
342 2253 476 2333 vetulas,
496 2254 633 2332 lacatidi,
654 2256 766 2335 Basse,
786 2255 922 2336 puellas,

192 2339 258 2399 Nec
272 2339 409 2398 formosa
421 2339 496 2417 tibi,
519 2338 576 2399 sed
590 2340 740 2400 moritura
754 2339 867 2420 placet.

150 2423 221 2500 Hic,
237 2440 323 2501 rogo,
336 2441 399 2482 non
411 2422 500 2482 furor
512 2428 570 2501 est,
584 2442 646 2483 non
658 2425 736 2484 haec
749 2430 798 2484 est
809 2421 947 2485 mentula
959 2423 1086 2489 demens

193 2507 270 2566 Cum
283 2507 384 2588 possis
397 2506 567 2585 Hecaben,
588 2526 651 2567 non
661 2513 753 2589 potes
767 2508 1019 2570 Andromachen!

513 2621 663 2684 LXXVII.

150 2715 215 2777 Nec
229 2714 360 2796 mullus,
382 2737 441 2778 nec
456 2724 490 2778 te
505 2716 658 2796 delectat,
679 2719 823 2796 Baetice,
844 2719 971 2799 turdus,

192 2800 258 2860 Nec
271 2799 361 2880 lepus
377 2806 426 2861 est
439 2820 590 2880 unquam,
612 2819 671 2861 nec
685 2801 743 2860 tibi
755 2808 861 2878 gratus
875 2823 967 2883 aper3

149 2883 216 2945 Nec
230 2890 263 2944 te
276 2884 341 2945 liba
354 2887 477 2962 iuvant,
499 2903 559 2944 nec
574 2890 678 2945 rectae
695 2883 812 2963 quadra
823 2885 1003 2966 placentae,

191 2968 257 3029 Nec
270 2969 370 3049 Libye
384 2970 498 3047 mittit,
520 2987 579 3029 nec
594 2970 651 3030 tibi
665 2969 775 3028 Phasis
792 2989 877 3032 aves:

124 3054 308 3133 bilapparin
323 3059 357 3112 et
370 3055 456 3133 putri
470 3072 562 3134 cepas
576 3052 698 3114 hallece
713 3059 856 3115 natantes

190 3138 232 3198 Et
244 3137 368 3219 pulpam
384 3137 476 3197 dubio
492 3137 531 3198 de
546 3145 694 3219 petasone
710 3158 815 3217 voras,
918 3136 920 3141 ’

149 3221 260 3301 Teque
275 3225 380 3283 iuvant
395 3240 503 3300 gerres
519 3231 551 3283 et
566 3222 651 3302 pelle
669 3220 851 3303 melandrya
865 3243 955 3300 cana,

191 3307 339 3367 Resinata
351 3307 434 3367 bibis
446 3308 536 3385 vina,
556 3305 690 3368 Falerna
703 3308 794 3385 fugis.

148 3390 262 3451 Nescio
280 3391 362 3469 quod
376 3393 527 3453 stomachi
541 3393 648 3453 vitium
663 3393 816 3452 secretius
830 3409 899 3452 esse

99 3484 140 3539 10
190 3475 354 3556 Suspicor:
374 3483 411 3537 ut
428 3478 502 3555 quid
517 3477 615 3555 enim,
637 3477 781 3556 Baetice,
801 3472 1027 3559 saqroqhaqiai
