2370 3924
289 226 631 287 EPIGRAMMATON
644 229 717 292 LIB.
735 229 813 291 XIII.

405 428 480 488 CXI.
501 427 683 491 Falernum.

106 542 154 602 De
170 541 368 601 Sinuessanis
382 547 536 600 venerunt
550 541 682 601 Massico
696 541 827 622 praelis:

151 624 284 686 condita
299 643 357 701 quo
374 625 497 703 quaeris
512 624 661 685 consule?
691 624 801 687 Nullus
816 635 892 690 erat.

412 757 501 818 CXII.
524 757 674 819 Setinum.

104 855 246 916 Pendula
260 856 440 935 Pomptinos
457 873 534 934 quoe
549 861 670 935 spectat
687 856 771 917 Setia
787 878 926 941 campos,

147 940 265 1018 Exigua
279 937 399 999 vetulos
414 940 499 999 misit
513 942 549 999 ab
565 941 642 999 urbe
658 938 759 1005 cados.

380 1072 482 1134 cxssl.
505 1073 706 1135 Bnndonnm.

102 1171 191 1232 Haec
205 1169 355 1231 Fundana
372 1169 445 1230 tulst
458 1168 535 1229 felix
549 1178 727 1230 auctumnns
743 1170 854 1250 Opimi.
896 1204 901 1212 ·

146 1256 309 1334 Expressit
322 1264 455 1313 mustum
470 1252 625 1313 consul-et
638 1255 705 1333 Ipse
718 1254 806 1317 bibit.

375 1386 481 1451 cxlv.
511 1386 709 1464 Imfolinnm

101 1482 173 1545 Non
187 1504 253 1544 sum
270 1483 442 1564 deprimo,
464 1484 582 1562 fateor,
603 1482 742 1543 trifolinu
756 1482 882 1563 Lyaeo„

145 1569 230 1628 Inter
246 1569 315 1628 vina
328 1574 431 1628 tamen
446 1568 576 1646 septima
592 1567 663 1627 ritis
678 1585 743 1631 ero.

389 1701 482 1765 CXV.
509 1676 692 1762 Caecubum.

102 1782 247 1860 Guecdba
259 1799 417 1859 Fundanis
433 1818 583 1878 generoso
599 1806 748 1860 cocuntur
761 1799 914 1880 Amyclis,

146 1883 229 1945 Vitis
244 1889 277 1942 et
290 1885 323 1942 iu
337 1881 439 1943 media
453 1890 525 1944 nuta
539 1882 650 1963 palude
665 1884 754 1944 viret.

386 2017 492 2080 chI.
513 2016 689 2098 Signinum.

100 2114 228 2174 roonis
241 2112 392 2191 liquidnm
408 2115 533 2192 SIgnina
547 2116 698 2174 morantia
710 2121 859 2175 ventrem.

143 2198 189 2257 Ne
206 2198 333 2257 nimium
347 2199 474 2275 sistant,
497 2199 539 2257 sIt
552 2199 610 2257 tibi
627 2217 720 2277 parca
734 2200 812 2259 sitis.

355 2330 474 2392 CXVII.
498 2329 729 2393 Mamerta'num.

102 2429 260 2508 Amphora
275 2427 429 2488 Nestorea
443 2429 501 2488 tibi
517 2429 703 2489 Mamertina
720 2433 846 2488 senecta

145 2513 179 2573 Si
195 2511 302 2589 detur,
324 2512 451 2590 quodvis
466 2531 578 2572 nomen
592 2513 709 2572 habere
723 2518 836 2592 potest.

336 2646 467 2707 CXVIII.
498 2647 741 2706 Tarraconense.

102 2742 259 2821 Tarraco,
282 2744 437 2822 Campano
453 2750 570 2802 tantum
586 2761 710 2801 cessura
726 2742 846 2819 Lyaeo,

143 2827 229 2888 Haeo
245 2827 353 2906 gennit
368 2826 479 2885 Tuscis
494 2824 613 2884 aemulo
626 2825 695 2883 viua
710 2825 803 2887 cudis.

359 2959 464 3020 cxlx.
489 2955 728 3020 Nomentanum.

99 3055 293 3118 Nomentana
309 3076 409 3116 meum
424 3057 482 3115 tibi
499 3055 552 3115 dat
566 3055 718 3115 vindemia
732 3055 900 3114 Bocchum:

144 3142 178 3202 Si
194 3148 226 3201 te
241 3142 373 3216 Quintus
392 3146 486 3217 amat,
509 3138 715 3199 commodiora
728 3139 826 3200 bibes.

381 3274 472 3334 CXX.
495 3272 700 3352 Spoletinum.

98 3373 147 3433 Dc
164 3370 334 3451 SpoletinIs
353 3391 430 3451 quae
447 3378 518 3431 sunt
533 3371 650 3430 curiosa
664 3367 783 3448 lagonis

142 3455 311 3534 Malueris,
335 3475 423 3534 qnam
438 3457 464 3515 si
481 3459 580 3515 musta
593 3452 725 3513 Falerna
738 3454 833 3514 bibus.

1005 231 1073 295 31⁹
