2370 3924
317 211 660 274 EPIGRAMMATON
672 212 747 276 LlB.
767 213 845 277 Vlll.
1041 211 1101 281 Ill

140 360 211 422 Non
225 365 297 419 sunt
311 361 388 419 haec
403 361 576 438 hominum,
598 361 799 438 Germanice,
824 360 933 440 gaudia
948 369 1081 441 tantum,

185 443 250 504 Sed
263 443 381 503 faciunt
395 444 455 522 ipsi
469 463 567 521 nunc,
587 451 680 525 puto,
703 463 789 504 sacra
804 444 865 508 dei.

561 577 599 639 V.

142 694 222 753 llum
238 690 349 769 donas,
371 689 496 768 Macer,
519 689 625 750 anulos
639 689 768 770 puellis,

141 776 274 852 Desisti,
297 775 421 850 Macer,
445 771 551 832 anulos
566 774 693 835 habere.

557 906 608 969 Vl.

140 1019 329 1098 Archetypis
344 1015 440 1077 vetuli
453 1017 531 1078 nihil
545 1025 594 1078 est
610 1018 746 1079 odiosius
760 1019 852 1080 Eucti

183 1103 331 1164 -Ficta
345 1101 513 1179 Saguntino
529 1103 648 1182 cymbia
663 1102 743 1162 malo
758 1102 823 1162 luto
838 1137 896 1183 -,

127 1188 275 1265 ¹Argenti
287 1186 406 1245 fumosa
421 1187 468 1245 sui
484 1205 552 1245 cum
566 1191 726 1246 stemmata
742 1194 848 1246 narrat

185 1267 336 1331 Garrulus
352 1274 385 1328 et
399 1271 501 1329 verbis
516 1268 635 1328 mucida
649 1271 718 1328 vina
734 1270 818 1330 facit.

116 1352 417 1435 5„Laomedonteae
432 1354 557 1413 fueraut
571 1354 648 1413 haec
662 1352 775 1432 pocula
788 1373 928 1417 mensae:

183 1440 299 1500 Ferret
313 1442 346 1496 ut
360 1437 454 1516 haec,
476 1456 579 1496 muros
596 1438 708 1497 struxit
720 1436 834 1516 Apollo
848 1437 926 1518 lyra.

141 1523 211 1583 Hoc
229 1527 351 1581 cratere
365 1520 455 1580 ferox
470 1521 623 1580 commisit
636 1520 753 1599 praelia
767 1522 910 1583 Rhoecus

186 1607 263 1667 Gum
280 1604 436 1684 Lapithis:
457 1615 561 1685 pugna
574 1602 678 1664 debile
694 1607 796 1664 cernis
812 1626 898 1686 opus.

140 1691 184 1752 lli
200 1689 260 1750 duo
275 1687 425 1766 longaevo
444 1693 613 1748 censentur
627 1688 760 1749 Nestore
773 1688 877 1750 fundi:

98 1786 135 1840 lo
183 1771 304 1834 Pollice
320 1770 360 1832 de
374 1770 464 1852 Pylio
480 1773 555 1832 trita
572 1771 710 1831 columba
725 1774 813 1834 nitet.

141 1859 203 1919 Hic
217 1858 351 1937 scyphus
366 1862 431 1933 est,
452 1857 485 1915 in
501 1876 561 1936 quo
576 1857 700 1916 misceri
714 1859 804 1917 iussit
820 1860 924 1918 amicis

184 1942 314 2020 Largius
330 1939 482 2000 Aeacides
497 1940 688 2020 vividiusque
702 1959 830 2002 merum.

141 2027 209 2086 Hac
223 2025 400 2106 propinavit
415 2024 514 2084 Bitiae
530 2023 740 2104 pulcherrima
752 2025 831 2086 Dido

184 2111 220 2170 ln
232 2116 357 2190 patera,
378 2109 513 2187 Phrygio
529 2128 597 2168 cum
612 2108 683 2168 data
698 2126 772 2168 cena
786 2112 851 2169 viro
871 2111 950 2170 eat.“

98 2202 133 2257 15
141 2194 274 2254 Miratus
289 2193 387 2253 fueris
404 2211 472 2250 cum
487 2194 590 2271 prisca
605 2198 776 2252 toreumata
791 2191 936 2271 multum,

184 2277 218 2337 ln
232 2277 347 2337 Priami
362 2274 492 2335 calathis
505 2276 691 2354 Astyanacta
705 2276 803 2336 bibes.

552 2425 616 2487 VH.

141 2540 212 2600 Hoc
225 2557 319 2618 agere
339 2544 389 2599 est
402 2559 523 2617 causas,
544 2540 605 2600 hoc
622 2539 744 2618 dicere,
768 2539 882 2619 Cinna,
906 2540 1024 2602 diserte
1064 2532 1069 2603 l

182 2623 294 2701 Horis,
318 2623 431 2701 cinna,
450 2623 558 2683 decem
574 2623 679 2683 dicere
694 2625 789 2683 verba
801 2625 933 2684 novem?
1058 2606 1067 2711 ,l
1088 2665 1107 2715 ᾧ,

143 2706 208 2768 Sed
221 2707 312 2768 modo
328 2707 508 2788 clepsydras
526 2709 646 2785 ingenti
659 2724 735 2766 voce
749 2709 857 2786 petisti
1054 2762 1057 2771 .

189 2792 350 2868 Quattuor.
382 2791 587 2870 0quantum,
610 2790 724 2867 Cinna,
746 2796 851 2849 tacere
864 2792 971 2870 potes!
1043 2786 1056 2892 ,l

545 2923 623 2987 Vlll.

141 3036 333 3116 Principium
349 3036 422 3114 des,
443 3038 531 3113 lane,
553 3034 630 3096 li'cet
643 3034 799 3096 velocibus
814 3037 918 3115 annis,

183 3120 226 3180 Et
241 3139 372 3181 renoves
386 3119 471 3181 voltu
485 3118 607 3180 saecula
621 3121 712 3198 longa
726 3127 798 3196 tuo;

142 3204 192 3265 Te
207 3204 340 3283 primum
354 3206 405 3285 pia
420 3211 490 3264 tura
503 3210 631 3282 rogent,
654 3210 686 3263 te
701 3211 771 3263 vota
786 3203 935 3282 salutent,

184 3289 326 3367 Purpura
340 3295 372 3349 te
386 3286 479 3366 felix,
502 3295 534 3349 te
549 3286 631 3347 colat
646 3289 743 3347 omnis
759 3291 872 3349 honos:

116 3371 196 3435 b'l'u
211 3377 314 3431 tamen
327 3374 387 3432 hoc
402 3374 512 3451 mavis,
531 3371 639 3432 Latiae
659 3370 741 3450 quod
757 3374 887 3451 contigit
902 3372 987 3450 urbI,

183 3455 297 3517 Mense
310 3463 364 3517 tuo
382 3456 547 3537 reducem,
568 3455 657 3534 lane,
681 3455 790 3518 videre
805 3456 911 3517 deum.

143 3539 250 3600 Maur.
867 3540 916 3601 iil
