2370 3924
418 242 462 303 n.
478 240 569 303 vau.
584 239 810 301 umanum
921 325 925 335 ἰ

532 441 696 503 LXXXVI.

174 554 271 615 Nemo
287 573 364 614 nova
378 551 471 613 caluit
485 554 530 613 sic
544 553 747 613 inflammatus
764 554 878 632 amica,

216 637 374 717 Flagravit
389 641 500 714 quanto
516 637 634 698 Laurus
648 655 752 696 amore
768 634 859 717 pllae.

179 721 243 782 Sed
260 723 312 800 qui
324 722 442 801 primus
457 727 526 780 erat
540 719 627 780 lusor
646 720 717 780 dum
730 721 838 781 floruit
851 726 960 803 aetas,

217 806 305 866 Nunc
320 811 480 885 postquam
498 802 581 864 desit
594 802 720 882 ludere,
742 805 841 884 prima
854 804 919 886 pila
935 814 1004 873 est.

521 937 699 1000 LXXXVII.

175 1053 328 1113 Octobres
344 1070 399 1130 age
413 1053 527 1112 sentiat
540 1051 693 1114 Kalendas

175 1134 312 1197 Facundi
326 1136 376 1215 pia
390 1135 486 1194 Roma
499 1136 656 1199 RestitutI.

175 1220 301 1297 Linguis
315 1220 454 1279 omnibus
468 1228 500 1279 et
514 1219 616 1280 favete
631 1221 726 1295 votir;

175 1302 315 1364 Natalem
330 1302 473 1380 colimus,
494 1309 597 1363 tacete
611 1303 694 1365 lites.

153 1388 270 1447 aAbsit
285 1406 394 1447 cereus
409 1385 486 1447 aridi
504 1386 644 1465 clientis,

175 1472 217 1531 Et
230 1472 299 1530 vani
314 1469 455 1551 triplices
470 1473 641 1548 brevesque
656 1490 782 1550 mappae

175 1555 350 1633 Expectent
364 1553 458 1632 gelidi
472 1555 557 1615 iocos
573 1555 760 1615 Decembris.

177 1639 309 1699 Certent
324 1641 502 1699 muneribus
519 1640 685 1702 beatiores.

176 1723 331 1802 Agrippae
347 1723 480 1783 tumidus
494 1725 669 1802 negotiator

135 1804 282 1868 rocadmi
296 1808 465 1886 municipes
480 1807 562 1867 ferat
575 1805 731 1879 lacernas;

177 1890 351 1967 Pugnorum
366 1909 438 1950 reus
453 1892 619 1968 ebriaeque
632 1892 732 1949 noctis

177 1974 343 2033 Cenatoria
359 1974 459 2032 mittat
476 1973 640 2048 advocat03

176 2057 320 2116 Infamata
334 2059 431 2116 virum
447 2056 552 2137 puella
567 2058 663 2117 vicit?

177 2141 276 2201 Veros
292 2141 516 2220 sardonychas,
539 2140 595 2201 sed
611 2142 676 2222 ipsa
693 2138 811 2215 tradat;

135 2233 166 2284 15
175 2225 307 2284 Mirator
320 2233 460 2285 veterum
475 2244 570 2285 senex
584 2243 706 2284 avorum

175 2310 276 2368 Donet
293 2308 431 2369 Phidiaci
445 2318 585 2369 toreuma
600 2307 693 2385 caeli,

174 2393 313 2454 Venator
326 2392 480 2473 leporem,
501 2390 626 2452 colonus
640 2390 787 2469 haedum,

177 2474 318 2545 Piscator
332 2477 414 2534 ferat
432 2495 599 2554 aequorum
614 2477 744 2558 rapinas.

176 2557 209 2616 Si
227 2557 322 2617 mittit
338 2578 392 2617 sua
410 2560 557 2637 quisque,
581 2559 655 2636 quid
669 2564 792 2639 poetam

131 2641 341 2702 remissurum
356 2643 431 2721 tibi,
454 2641 627 2719 Restituta,
651 2640 776 2701 credis?

514 2776 703 2838 LXXXVIII.

174 2889 287 2949 Omnes
303 2891 502 2970 persequeris
516 2896 709 2969 praetorum,
732 2889 839 2965 Cotta,
860 2886 996 2952 libellos

213 2974 336 3053 Accipis
352 2980 384 3032 et
399 2991 494 3032 ceras.
526 2973 690 3032 Officiosus
707 2972 798 3030 homo
814 2989 857 3030 es.

530 3106 693 3168 LXXXIX.

178 3217 251 3277 Iuno
266 3216 371 3294 labor,
393 3215 562 3296 Polyclito,
585 3225 654 3279 tuus
670 3224 702 3278 et
717 3216 816 3297 gloria
830 3216 922 3294 felix,

218 3301 383 3360 Phidiacae
400 3310 550 3381 cuperent
567 3322 654 3381 quam
670 3303 961 3380 meruissemus,

174 3384 239 3443 Ore
254 3385 336 3444 nitet
350 3389 452 3461 tauto,
477 3392 590 3463 quanta
608 3394 785 3466 superasset
801 3386 833 3444 iu
849 3383 902 3445 Ida

214 3466 317 3529 Iudice
333 3469 484 3528 convictas
499 3489 561 3529 non
577 3469 736 3530 dubitante
753 3469 835 3531 deas.
