2370 3924
91 243 156 307 23⁰
413 244 459 306 AL
474 244 567 306 VAL.
582 244 808 306 maumas

176 397 342 474 Strataque
358 416 421 456 non
437 416 513 455 unas
530 398 654 474 cingant
670 398 806 460 triclinia
823 399 915 459 Baias
979 434 982 438 ·

197 481 260 552 ‚Et
274 481 386 540 Thetis
402 487 558 557 unguento
575 479 692 559 palleat
708 490 803 543 uncta
816 490 890 561 tuo,

155 563 318 625 §Candida
333 565 434 624 Setini
451 571 594 643 rumpant
612 564 758 642 crystalla
773 567 929 646 trientes,

218 649 358 708 Dormiat
372 650 403 707 in
422 646 526 726 pluma
542 667 601 707 nec
613 647 743 709 meliore
756 650 880 711 Venus:

177 732 228 792 Ad
240 741 392 792 nocturna
407 733 490 790 iaces
506 731 640 791 fastosae
657 731 763 792 limina
778 735 933 795 moechae

216 817 259 876 Et
274 815 379 874 madet
395 815 472 873 heu!
492 813 628 874 lacrimis
645 818 734 876 ianua
749 817 845 876 surda
861 821 944 898 tuis,

175 901 278 961 Urere
292 919 354 958 nec
369 900 516 957 miserum
531 907 655 959 cessent
670 902 803 981 suspiria
817 908 944 980 peetus.

133 993 168 1046 10
215 982 272 1044 Vis
290 981 405 1059 dicam,
426 980 508 1041 male
525 985 567 1042 sit
586 1003 641 1042 cur
656 984 730 1061 tibi,
752 985 868 1044 cotta?
888 988 976 1048 bene
990 995 1048 1051 est.

572 1116 655 1178 XIV.

176 1230 299 1291 Cedere
318 1230 357 1289 de
373 1234 489 1291 nostris
505 1229 585 1290 nulli
602 1240 635 1290 te
652 1229 729 1290 dicis
745 1232 859 1292 amicis.

216 1313 297 1392 Sed,
324 1316 365 1373 sit
381 1321 416 1373 ut
432 1315 492 1374 hoc
508 1333 631 1389 verum,
654 1314 745 1392 quid,
765 1333 860 1393 rogo,
883 1316 1017 1396 Crispe,
1039 1319 1089 1377 iaci

173 1398 283 1458 Mutua
300 1418 368 1457 cum
386 1405 528 1478 peterem
540 1400 686 1457 sestertia
702 1400 855 1476 quinque,
875 1404 1018 1479 negasti,

214 1483 283 1541 Non
301 1489 428 1561 caperet
447 1502 586 1541 nummos
602 1501 671 1540 eum
688 1483 787 1558 gravis
804 1501 876 1541 arca
892 1490 977 1546 tuos.

151 1565 304 1643 5Quando
320 1566 411 1625 fabae
427 1565 563 1626 modium
574 1567 664 1625 nobis
681 1565 813 1625 farrisve
831 1564 968 1646 dedisti,

215 1651 292 1709 Cum
308 1657 362 1709 tua
377 1649 515 1710 Niliacus
532 1670 606 1709 rura
621 1648 749 1709 colonus
766 1649 858 1708 aret?

172 1733 299 1811 Quando
318 1735 421 1794 brevis
440 1733 562 1812 gelidae
573 1735 666 1793 missa
682 1739 812 1810 esttoga
825 1740 971 1812 tempore
983 1737 1089 1794 brumas

212 1817 344 1892 Argenti
361 1819 446 1877 venit
465 1817 585 1895 quando
604 1815 722 1876 selibra
738 1817 836 1875 mihi?

171 1899 223 1960 Nil
240 1899 322 1959 aliud
335 1900 444 1978 video,
467 1922 527 1979 quo
544 1911 576 1961 te
595 1899 755 1960 credamus
767 1902 912 1978 amicum,

130 1993 164 2043 10
213 1984 309 2060 Quam
325 1984 408 2062 quod
426 2003 475 2044 me
493 2006 596 2045 coram
611 1984 748 2064 pedere,
767 1985 895 2063 Crispe,
918 1997 1011 2045 soles.

575 2127 644 2190 XV.

168 2242 299 2300 Dotatae
316 2243 404 2301 uxori
422 2263 476 2302 cor
493 2240 643 2301 arundine
662 2242 849 2317 tinemuta,

212 2323 274 2383 Sed
293 2324 364 2385 dum
380 2325 461 2385 ludit
478 2328 578 2405 Aper:
599 2324 711 2384 ludere
732 2327 818 2384 novit
834 2326 930 2405 Aper.

567 2459 648 2520 XVI.

169 2566 203 2625 Si
219 2564 334 2626 donare
352 2587 442 2628 vocas
458 2572 644 2649 promittere
659 2591 718 2631 nec
737 2571 829 2648 dare,
852 2573 927 2650 Gai,

210 2650 339 2712 Vincam
358 2658 391 2712 te
409 2653 497 2713 donis
515 2657 755 2733 muneribusque
774 2658 860 2716 meis.

167 2735 282 2814 Accipe
300 2735 446 2798 Callaicis
464 2737 614 2817 quidquid
626 2739 707 2798 fodit
724 2741 819 2798 Astur
833 2741 866 2797 in
884 2742 980 2818 arvis,

209 2821 312 2880 Aurea
330 2823 480 2902 quidquid
498 2825 592 2883 habet
611 2821 714 2882 divitis
733 2822 816 2882 unda
834 2823 931 2900 Tagi3

144 2902 325 2980 5Quidquid
341 2908 516 2985 Erythraea
534 2909 624 2984 niger
641 2908 760 2966 invenit
773 2906 865 2967 Indus
883 2909 916 2966 in
936 2907 1004 2986 alga

209 2987 366 3066 Quidquid
384 2991 466 3048 etin
484 2989 566 3048 nidis
583 2991 673 3050 unica
690 2998 793 3050 servat
809 2992 890 3064 avis3

166 3069 323 3147 Quidquid
338 3072 504 3148 Agenoreo
523 3073 626 3151 Tyros
646 3075 787 3153 improba
804 3075 889 3151 cogit
905 3075 1023 3134 alieno:

206 3151 364 3232 Quidquid
384 3156 501 3215 hahent
518 3176 640 3235 omnes,
663 3159 785 3237 accipe,
808 3157 964 3236 quomodo
983 3157 1082 3216 das·

557 3290 653 3351 XVII.

165 3394 371 3459 Saturnalicio
388 3400 529 3463 Macrum
545 3403 691 3465 fraudare
710 3409 846 3482 tributo,

205 3480 352 3562 Frustra,
372 3484 479 3564 Musa,
501 3490 601 3567 cupis:
624 3487 793 3568 nonlicet,
814 3490 883 3570 ipse
900 3493 998 3571 petit:
