2370 3924
302 222 643 284 EPIGRAMMATON
655 223 729 286 LlB.
744 224 767 287 1.

96 374 213 438 Procul
228 371 373 434 horridus
387 372 542 433 Liburnus
558 379 591 433 et
606 371 753 452 querulus
769 373 884 457 cliens,
966 418 973 435 ,

140 459 274 539 lmperia
286 455 445 517 viduarum
458 455 583 535 procul,

54 544 169 612 35Non
183 546 307 622 rumpet
321 539 417 601 altum
430 537 564 620 pallidus
582 559 721 600 somnum
734 558 825 619 reus,

141 625 206 688 Sed
219 642 308 686 mane
323 629 423 685 totum
438 622 582 684 dormies.
660 661 663 665 ν

98 712 263 774 Mereatur
278 707 356 768 alius
371 706 488 787 grande
503 714 537 768 et
549 708 689 768 insanum
706 709 836 788 sophos:

141 795 298 855 Miserere
313 799 347 853 tu
361 790 501 853 felicium

99 879 248 957 Veroque
262 877 369 937 fruere
384 895 447 936 non
463 876 614 956 superbus
629 873 754 954 gaudio,

54 970 92 1026 40
140 962 219 1022 Dum
233 961 312 1021 Sura
325 959 467 1020 laudatur
481 966 562 1022 tuus.

98 1044 170 1106 Non
185 1044 384 1126 impudenter
396 1046 460 1104 vita
475 1043 557 1122 quod
572 1042 702 1104 relicum
718 1049 767 1104 est
780 1045 878 1124 petit,

142 1129 220 1190 (lum
232 1130 312 1189 fama
327 1128 409 1207 qnod
424 1127 497 1187 satis
518 1133 566 1188 eat
580 1128 682 1188 habet.
697 1125 707 1142 '

517 1261 552 1322 L.

98 1373 134 1435 Si
148 1373 206 1433 tihi
221 1369 379 1450 Mistyllos
394 1391 503 1450 cocus,
525 1369 715 1450 Aemiliane,
736 1380 877 1454 vocatur,

143 1457 270 1517 Dicatur
286 1473 380 1535 quare
395 1475 458 1516 non
477 1454 634 1516 'luatullu
648 1456 745 1516 mihi?

516 1588 565 1649 Ll.

87 1702 169 1769 ¹Non
182 1702 258 1761 facit
275 1700 314 1761 ad
328 1718 435 1761 saevos
450 1702 570 1778 cervix,
584 1701 645 1761 nisi
658 1701 773 1780 prima,
786 1699 904 1768 leones.

142 1784 224 1862 Quid
237 1786 319 1864 fugis
333 1785 390 1844 hos
406 1783 533 1864 dentes,
551 1784 713 1846 ambitiose
727 1783 840 1867 lepus?

97 1869 228 1931 Scilicet
244 1890 261 1928 u
276 1870 392 1948 magnis
407 1867 446 1928 ad
460 1875 492 1929 te
508 1867 823 1943 descendere'tauris

139 1955 182 2014 Et
197 1971 274 2033 quae
289 1972 351 2013 non
365 1958 497 2014 cernunt
509 1953 656 2032 frangere
671 1951 749 2014 colla
762 1953 850 2018 velis.

77 2035 303 2117 5Desperanda
317 2037 376 2097 tibi
391 2043 440 2096 est
452 2038 589 2115 ingentis
604 2035 705 2116 gloria
718 2038 791 2098 fati:

142 2122 211 2182 Non
225 2127 316 2201 potes
333 2121 393 2180 hoc
407 2122 509 2181 tenuis
524 2119 641 2200 praeda
654 2123 710 2180 sub
726 2123 818 2182 hoste
833 2123 922 2188 mori.

509 2253 571 2314 LII.

99 2363 290 2427 Commendo
303 2365 379 2443 tibi,
402 2367 583 2445 Quintiano,
605 2372 730 2428 nostros
747 2403 790 2416 -

97 2448 230 2510 Nostros
247 2448 354 2509 dicere
372 2450 399 2509 si
414 2456 518 2511 tamen
531 2448 660 2511 libellos

97 2532 245 2610 Possum,
265 2552 342 2611 qnos
355 2534 468 2594 recitat
481 2541 552 2595 tuus
565 2540 660 2615 poeta
672 2557 729 2596 --z

98 2615 191 2676 Side
208 2617 334 2677 servitio
352 2619 437 2697 gravi
452 2625 640 2698 queruntur,

75 2703 251 2764 5Assertor
265 2701 369 2761 venias
383 2703 520 2781 satisque
534 2708 690 2782 praestes,

97 2786 156 2862 nt,
179 2803 247 2844 cnm
262 2802 295 2844 se
311 2781 466 2845 dominum
482 2785 605 2855 vocabit
617 2783 688 2862 ille,

97 2869 192 2930 Dicas
205 2885 274 2928 esse
288 2886 374 2929 meos
388 2887 540 2948 manuque
555 2870 673 2931 missos.

96 2952 168 3014 Hoc
183 2952 210 3011 si
226 2958 338 3031 terque
355 2960 527 3033 quaterque
542 2951 725 3032 clamitatis,

96 3037 243 3117 Impones
256 3034 406 3116 plagiario
421 3037 581 3118 pudorem.

498 3186 572 3249 [ΙΙΙ.

95 3298 168 3360 Una
183 3305 231 3359 est
246 3300 279 3359 in
292 3300 409 3360 nostris
423 3306 492 3378 tua,
514 3300 698 3377 Fidentine,
719 3266 838 3361 libellis

92 3381 230 3460 Pagina,
249 3380 307 3443 sed
321 3389 407 3444 certa
422 3382 537 3444 domini
551 3385 670 3463 signata
683 3385 798 3464 ligura,
878 3420 885 3430 a

94 3466 185 3544 Quae
199 3472 252 3527 tna
264 3465 401 3528 traducit
414 3468 577 3529 manifesto
592 3468 727 3529 carmina
741 3469 835 3529 furto.

1015 222 1058 288 23
1153 283 1159 289 .
