2370 3924
338 224 675 286 EPIGRAMMATON
694 227 768 288 LlB.
783 228 821 291 V.
1037 226 1097 293 121

138 379 254 440 Omnes
270 377 544 455 grammaticosque
559 378 765 458 rhetorasque

138 463 283 538 Deuites,
304 478 429 521 moneo:
449 458 528 519 nihil
542 462 583 520 sit
596 458 646 518 illi

113 548 216 608 50nm
230 543 321 604 libris
338 544 498 603 Ciceronis
513 549 564 603 ant
580 545 729 607 Maronis.

137 631 250 690 Famae
266 626 416 687 Tutilium
430 645 502 686 snae
517 625 685 706 relinquas.

140 698 173 773 Si
189 730 297 773 vorsus
311 710 403 788 iacit,
426 710 549 770 abdices
564 717 702 790 poetam:

137 797 233 856 Artes
249 795 372 855 discere
386 791 453 853 vult
471 795 668 873 pecuniosus,

136 880 201 939 Fac
216 877 315 939 discat
329 877 526 937 citharoedus
539 884 591 936 aut
605 876 778 940 choraules.

94 973 132 1028 lo
141 963 175 1023 Si
191 962 261 1022 duri
274 980 352 1041 puer
368 962 472 1039 ingeni
486 959 625 1039 videtur,

137 1046 330 1108 Praeconem
345 1044 439 1105 facias
455 1043 504 1105 vel
520 1046 731 1106 architectum.

527 1179 619 1242 LVll.

138 1293 215 1354 Gom
229 1311 304 1352 voco
320 1296 351 1351 te
367 1290 539 1370 dominum,
559 1291 625 1352 noli
639 1294 714 1370 tibi,
736 1294 850 1372 Cinna,
873 1292 1015 1375 placere:

183 1376 284 1456 Saepe
301 1377 394 1434 etiam
409 1394 534 1436 servum
546 1376 590 1436 sic
605 1376 740 1436 resaluto
756 1383 849 1437 tunm.

522 1509 628 1573 LVlll.

138 1621 215 1682 Cras
229 1627 262 1682 te
277 1622 444 1699 victurum,
467 1641 534 1682 cras
551 1622 646 1699 dicis,
668 1622 830 1699 Postume,
853 1642 984 1704 semper.

180 1704 238 1765 nic
255 1705 331 1765 mibi
346 1725 413 1765 cras
431 1704 532 1784 istud,
554 1707 716 1782 Postume,
740 1705 862 1785 quando
878 1711 985 1770 venit?

137 1789 234 1866 Quam
242 1786 336 1866 longe
348 1794 397 1849 est
408 1809 475 1849 cras
487 1788 593 1850 istud‘.l
605 1791 657 1849 ubi
668 1790 739 1849 est?
751 1796 803 1849 ant
812 1791 893 1852 unde
904 1794 1094 1872 petendum?

179 1871 334 1950 Numquid
348 1871 429 1952 apud
444 1874 576 1933 Parthos
591 1875 816 1955 Armeniosque
830 1874 931 1936 latet?

111 1956 199 2019 olam
215 1975 282 2016 cras
296 1956 381 2017 istud
394 1958 489 2016 habet
504 1959 617 2017 Priami
631 1957 680 2017 vel
694 1958 837 2019 Nestoris
855 1980 959 2026 annos.

180 2040 257 2100 (iras
273 2039 362 2100 istud,
372 2042 493 2119 quanti,
516 2040 565 2101 dic
581 2041 671 2119 mihi,
694 2043 792 2121 possit
806 2044 892 2102 emi?

137 2123 214 2184 Cras
229 2124 328 2183 rives:
349 2123 443 2184 bodie
458 2125 517 2184 iam
531 2125 652 2202 vivere,
675 2125 838 2203 Postume,
860 2126 981 2189 tardum
995 2135 1058 2190 est:

180 2205 238 2266 [lle
253 2207 350 2288 sapit,
374 2209 528 2288 quisquis,
549 2209 711 2286 Postume,
730 2211 805 2268 vixit
819 2211 898 2271 beri.
1142 2202 1146 2237 ³

534 2355 611 2416 LIX.

137 2465 227 2543 Quod
242 2487 305 2528 non
319 2474 496 2546 argentum,
519 2468 602 2548 qnod
615 2489 678 2530 non
691 2470 749 2529 tibi
764 2470 911 2530 mittimus
927 2489 1031 2530 aurum
1040 2506 1050 2540 ‚

178 2550 247 2610 lloc
259 2551 387 2611 sacimas
402 2572 507 2630 causa,
529 2552 628 2614 Stella
643 2553 779 2631 diserte,
801 2560 862 2615 tna.

137 2634 282 2713 Quisquis
297 2654 404 2716 magna
419 2635 521 2714 dedit,
545 2637 641 2697 voluit
655 2639 714 2696 sibi
728 2656 835 2716 magna
848 2638 982 2712 remitti;

177 2717 342 2778 Fictilibus
356 2720 471 2778 nostris
487 2726 670 2780 exoneratus
686 2721 758 2780 eris.

541 2853 604 2912 LX.

136 2961 277 3026 Allatres
290 2964 368 3026 licet
381 2987 479 3047 usqne
493 2987 549 3027 nos
568 2973 599 3026 et
611 2986 708 3046 usqne

135 3048 177 3109 Et
193 3051 367 3127 gannitibus
381 3052 531 3130 improbis
543 3050 693 3129 lacessas,

136 3132 265 3193 Certum
280 3140 329 3194 est
343 3136 421 3195 hanc
435 3136 493 3195 tibi
510 3153 682 3215 pernegare
698 3135 819 3204 famam,

136 3214 219 3276 olim
235 3236 324 3297 qnam
338 3220 420 3298 petis
435 3217 471 3278 in
484 3220 560 3279 meis
573 3216 691 3279 libellis

111 3299 366 3381 oQualiscnnqne
380 3300 495 3382 legaris
509 3311 543 3363 nt
556 3322 615 3382 per
629 3303 745 3367 orbem.

136 3383 212 3444 Nam
228 3392 260 3445 te
276 3405 330 3445 cur
348 3385 458 3465 aliquis
474 3388 550 3446 sciat
563 3385 682 3446 inisse?

134 3466 261 3546 lgnotns
275 3488 403 3550 pereas,
424 3472 535 3550 miser,
556 3488 686 3530 necesse
701 3473 758 3530 est.
782 3531 788 3540 ,
