2370 3924
279 244 618 309 EPIGRAMMATON
631 246 705 307 LlB.
721 245 801 309 XIV.
997 247 1061 311 333
1100 277 1104 286 ⁴

330 449 435 512 cxlv.
458 448 586 511 Patella
605 448 756 511 Uomano.

101 548 190 608 llanc
205 547 262 606 tibi
277 546 431 607 Cumanae
445 546 647 608 rubicundam
661 546 791 627 pulvere
805 554 906 610 tenue
923 582 929 591 ·

143 629 333 710 Municipem
348 631 432 691 misit
446 637 529 691 casta
544 629 664 711 Sibylla
678 650 772 692 auam.

369 765 462 829 CXV.
488 765 721 828 Caucaseum.

100 863 223 944 Aspicis
240 864 396 942 ingenium
410 862 489 924 Nili:
514 866 623 944 quibua
637 862 755 925 addere
769 864 860 946 plura

142 949 220 1008 Dum
237 948 338 1029 cupit,
357 949 395 1007 ah
410 950 555 1027 quotiens
568 947 708 1029 perdidit
721 955 829 1011 auctor
843 948 934 1030 opus!

340 1081 446 1145 CXVl
470 1081 605 1163 Lagona
615 1084 745 1144 πίυαήιι.

101 1179 266 1262 Spoletina
278 1181 359 1241 bibis
374 1179 423 1241 vel
439 1181 552 1241 Marsis
567 1180 691 1241 condita
703 1179 804 1241 cellis.

144 1267 211 1342 Quo
225 1265 283 1325 tibi
299 1263 447 1325 decoctae
462 1263 567 1324 nobile
581 1264 680 1343 frigus
697 1265 817 1344 aquae?

425 1398 545 1461 CXVII.
567 1397 664 1459 Idem.

99 1497 170 1558 Non
184 1502 293 1577 potare
306 1498 423 1568 nivem,
446 1495 503 1557 scd
517 1515 626 1576 aquom
638 1505 748 1578 potore
761 1497 921 1561 recentem

142 1582 189 1641 De
203 1582 273 1642 nive
289 1587 461 1643 commenta
474 1587 523 1641 est
536 1582 698 1660 ingeniose
710 1583 786 1643 sitia.

413 1714 549 1778 CXVIII.
570 1715 668 1776 Idem.

100 1813 261 1878 Massiliae
275 1815 376 1875 fumos
390 1815 523 1874 miscere
539 1811 692 1875 nivalibus
706 1814 796 1876 undis
898 1811 901 1820 '

143 1899 260 1978 Parce,
281 1916 376 1980 puer,
397 1903 576 1958 constetne
589 1899 648 1959 tibi
661 1897 760 1979 pluris
776 1920 862 1980 equa.

349 2031 453 2094 cxlx.
478 2031 611 2122 Matella
614 2035 738 2112 fictilis.

99 2135 178 2194 Dum
192 2122 306 2214 poscor
320 2133 442 2212 crepitu
456 2131 622 2209 digitorum
638 2139 671 2193 et
684 2139 945 2212 rememoratur,

145 2219 170 2277 0
188 2218 331 2296 quotiens
345 2214 450 2297 pellex
465 2213 578 2275 culcita
593 2217 675 2277 facta
690 2235 759 2278 mea
774 2218 839 2279 eat!

334 2349 425 2412 CXX.
446 2347 566 2430 ligula
582 2357 745 2431 argentea.

102 2451 245 2528 Quamvis
259 2468 309 2510 me
322 2448 448 2527 ligulam
464 2446 569 2508 dicant
582 2450 767 2528 equitesque
784 2455 968 2532 patresque,

143 2535 238 2595 Dicor
254 2537 290 2594 nb
305 2533 439 2594 indoctis
453 2531 572 2612 lingula
587 2534 802 2612 grammaticis.

380 2668 486 2728 cxxl.
511 2667 687 2728 cochleare.

103 2767 178 2828 Sum
192 2765 327 2828 cochleis
343 2766 472 2843 habilis,
495 2764 552 2824 sed
569 2784 628 2825 nec
642 2767 741 2826 minus
756 2765 842 2829 utilis
858 2768 932 2827 ovis.

143 2851 393 2930 Numquidnam,
415 2851 518 2930 potius
533 2869 588 2908 cur
603 2848 767 2911 cochleare
782 2851 898 2911 vocor?

419 2984 538 3045 cxxll.
562 2985 672 3045 Anuli.

102 3089 186 3149 Ante
200 3089 367 3169 frequens,
390 3085 447 3147 sed
461 3106 543 3146 nunc
556 3107 644 3147 rarus
659 3105 715 3146 nos
731 3085 825 3145 donat
839 3084 963 3157 amicus.

146 3171 254 3251 Felix,
275 3173 324 3231 cui
339 3190 442 3231 eomes
457 3179 506 3231 est
522 3191 583 3232 non
601 3169 719 3230 alienus
734 3186 840 3248 eques.

345 3306 478 3368 uxxffl.
500 3305 745 3385 Dactyliotheca.

104 3404 206 3484 Saepe
221 3406 321 3486 gravis
336 3404 440 3484 digitis
458 3403 590 3464 elabitur
605 3401 713 3463 anulus
726 3403 844 3482 unctis,

148 3490 230 3551 Tuto
244 3508 312 3550 mea
326 3490 382 3550 fiet
398 3488 455 3549 sed
469 3494 521 3548 tna
534 3506 653 3567 gemma
665 3486 741 3550 lide.
